2990 4804
615 295 812 366 ...63-
905 335 910 342 ·

167 451 309 520 torum,
327 455 409 532 quoe
428 430 525 504 inter
535 431 735 506 Homerum
752 457 793 505 ac
809 429 1025 529 Sophoclem
1043 428 1255 521 intercedit,

166 543 447 621 exeusationem.
464 542 555 618 Nam
571 571 682 644 quum
698 545 807 618 totius
829 541 1020 644 tragoediae
1037 543 1258 642 principium

165 673 202 732 et
217 655 337 732 nodus
359 655 395 732 in
414 679 474 741 e0,
490 678 600 754 quem
618 659 782 754 mythum
800 671 950 744 vocant,
970 655 1056 728 situs
1072 655 1156 746 sit¹,
1174 681 1257 753 my-

167 768 246 844 thus
275 783 418 854 autem,
448 765 494 838 ah
527 767 626 866 epica
650 768 749 866 poesi
771 764 1007 866 repetendus,
1027 766 1194 842 maxime
1219 767 1256 844 in
1324 839 1327 848 ,

166 879 290 954 troicis
319 877 448 966 rebus,
486 876 704 979 fabulisque,
735 905 817 978 quae
847 903 930 952 cum
964 875 1019 952 his
1049 875 1253 968 cohaerent,

164 993 317 1082 nitatur,
338 990 560 1090 omninoque
579 992 759 1066 Homerus
785 989 936 1088 abipso
960 990 1110 1066 Platone
1128 1015 1257 1088 parcns

165 1103 355 1204 tragoediae
387 1103 433 1174 sit
469 1102 687 1204 appellatus,
720 1101 812 1176 nihil
847 1101 1004 1193 mirum,
1034 1103 1189 1200 tragicos
1218 1101 1256 1174 iu

165 1214 287 1288 eadem
301 1242 370 1314 qua
385 1215 447 1287 ille
460 1216 610 1288 materia
628 1232 785 1288 versatos
794 1268 805 1304 ,
826 1240 919 1314 saepe
935 1213 1049 1286 videri
1072 1240 1155 1286 eum
1176 1215 1258 1287 imi-

165 1328 276 1401 tando
294 1328 495 1426 exprimere
510 1325 677 1399 voluisse.
694 1324 798 1419 Quod
811 1351 856 1400 eo
874 1326 1097 1426 frequentius
1114 1327 1257 1398 evenire

165 1464 305 1512 necesse
327 1456 422 1528 erat,
445 1465 518 1541 quo
533 1439 645 1537 magis
659 1437 859 1538 tragoedia,
882 1465 996 1540 quum
1018 1437 1123 1512 initio
1144 1464 1257 1538 argu-

163 1569 284 1628 menta
303 1551 475 1653 quaelibet
491 1552 750 1653 percensuisset
766 1579 807 1628 ac
828 1567 1029 1638 tractasset,
1054 1549 1098 1624 ad
1122 1577 1256 1650 pauca-

165 1691 246 1738 rum
275 1665 493 1744 familiarum
520 1662 613 1752 sata,
640 1679 679 1740 ut
707 1689 861 1766 quoeque
884 1664 1040 1738 maxime
1064 1661 1253 1736 hominum

163 1775 221 1850 vel
236 1773 521 1852 misericordiam
546 1775 604 1850 vel
623 1791 763 1850 metum
780 1775 937 1850 excitare
964 1772 1199 1874 putabantur,
1218 1795 1256 1848 se

165 1885 398 1962 convertebat
413 1885 624 1986 exponenda
638 1903 662 1958 ².
684 1886 734 1958 At
754 1886 934 1986 praecipue
950 1882 1167 1984 Sophoclem
1190 1913 1253 1960 ar-

164 2016 332 2098 gumenta
350 1995 396 2072 ab
413 2001 572 2072 Homero
603 2015 639 2072 et
655 2001 770 2096 poetis
792 1997 933 2096 cyclicis
958 1997 1122 2070 sumsisse
1140 2011 1177 2072 et
1192 2023 1254 2072 ve-

164 2126 281 2183 terum
294 2113 498 2185 testimonia
508 2128 544 2184 et
555 2111 921 2209 ipsarumlabularum
933 2109 1028 2182 tituli
1039 2110 1212 2184 evincunt
1226 2114 1250 2182 ³.

164 2221 340 2296 Praeterea
356 2223 393 2296 in
405 2247 643 2321 personarum
654 2221 819 2295 moribus
832 2237 868 2293 et
885 2221 1006 2294 indole
1023 2219 1250 2320 effingendis,

165 2333 214 2406 ita
240 2335 350 2432 epicae
378 2359 524 2432 poeseos
554 2333 718 2431 implesse
743 2332 899 2404 traditur
921 2332 1090 2431 vestigia,
1110 2347 1152 2403 ut
1175 2357 1254 2404 eam

164 2470 238 2520 non
265 2448 476 2523 reformasse
502 2443 564 2518 sed
590 2445 628 2521 in
658 2445 816 2520 senarios
843 2444 1064 2520 transtulisse
1089 2459 1196 2543 atque
1215 2446 1253 2518 in

165 2559 318 2630 sormam
333 2559 560 2658 speciemque
572 2557 760 2658 tragoediae
774 2553 950 2657 redegisse
965 2555 1141 2650 videatur,
1156 2558 1254 2656 cujus

165 2672 216 2742 rei
236 2670 455 2768 locupletem
475 2687 599 2745 testem
618 2670 789 2744 hahemus
805 2687 989 2744 auctorem
999 2671 1117 2746 Vitae:
1137 2681 1177 2745 Τὸ
1193 2687 1254 2744 πᾶν

162 2788 216 2878 μὲν
234 2789 284 2855 οὖν
302 2770 464 2885 ὁμηρικῶς
481 2791 636 2880 ὠνόμαζε,
657 2788 727 2868 τούς
743 2813 775 2857 τε
789 2789 900 2880 μύθους
917 2788 997 2883 φέρει
1017 2781 1086 2856 κατ’
1103 2797 1189 2878 ἴχνος
1201 2795 1254 2854 τοῦ

162 2907 286 2975 ποιητοῦ
303 2904 355 2968 καὶ
374 2903 427 2975 τὴν
444 2881 617 2969 ὀδύσσειοιο
631 2897 665 2968 δὲ
683 2900 714 2967 ἐν
728 2901 850 2978 πολλοῖς
864 2896 1018 2993 δράμασιν
1028 2902 1252 2993 ἀπογράρεται.

161 3004 280 3098 Quare
288 3031 363 3080 non
370 3006 492 3078 statim
503 3003 548 3077 de
563 3004 763 3078 imitatione
772 3005 1005 3104 cogitandum
1013 3006 1096 3094 erit,
1109 3003 1255 3104 quando

163 3130 314 3216 uterquc
328 3133 432 3216 poeta
451 3132 578 3214 suopte
596 3131 699 3189 motu
716 3143 757 3190 ac
783 3141 907 3192 rerum
934 3133 1063 3191 natura
1085 3117 1251 3206 adactus,

162 3227 285 3302 cadem
303 3230 360 3303 vel
378 3243 476 3304 certe
492 3228 624 3303 similia
640 3228 686 3302 de
709 3227 833 3303 iisdem
850 3227 1038 3326 praedicet.
1056 3227 1162 3320 Quod
1179 3230 1254 3300 ini-

163 3338 215 3414 tio
230 3339 350 3441 Ajacis
357 3343 492 3416 lactum
506 3365 581 3416 esse
595 3341 687 3417 vidit
695 3341 895 3441 Stephanus
910 3363 1024 3441 quum
1038 3337 1253 3438 Sophoclem

161 3447 231 3526 hoc
246 3477 354 3527 versu
370 3482 379 3526 t
394 3437 515 3554 Syrus,
529 3443 693 3545 ὀδοοσοῦ,
709 3463 763 3530 καλ
776 3459 874 3530 πάλαι
894 3457 991 3554 φύλαξ
1007 3457 1091 3548 ἔδον,
1102 3450 1253 3526 Homeri

203 3788 214 3814 ¹
229 3779 364 3857 Ariston,
381 3780 461 3842 Poet.
467 3823 477 3855 ,
495 3803 521 3842 e.
541 3799 615 3856 1111,
637 3801 669 3862 p.
692 3765 826 3864 ῚοᾸρχὴ
847 3785 893 3840 καὶ
912 3783 965 3842 οἷον
981 3782 1058 3862 ψυχὴ
1078 3783 1092 3839 ὁ
1110 3785 1191 3864 pedor
1207 3792 1254 3850 τῆς

161 3873 322 3957 τραγῳδίας.

202 3981 214 4008 ²
228 3971 358 4047 Ariston,
370 3972 442 4032 ibid.

204 4063 398 4148 3λῑλοοοτοιιο,
427 4069 448 4129 l.
475 4067 552 4141 Vll,
578 4091 607 4149 p.
638 4057 841 4151 277=Sxeupt
869 4068 928 4128 δ’ὁ
956 4072 1081 4149 Σοφοκλῆς
1104 4080 1143 4148 τῷ
1171 4072 1252 4151 inexp

162 4163 248 4241 κύκλῳ
267 4169 300 4232 ὡς
317 4174 363 4225 καὶ
379 4168 428 4228 ὅλοι
443 4164 569 4249 δράματα
584 4176 712 4239 ποιῆσαι,
736 4167 936 4228 κατακολουθῶν
959 4177 992 4248 τῇ
1013 4169 1040 4226 lu
1062 4173 1149 4246 τούτῳ
1169 4173 1253 4250 μυθο-

161 4263 249 4338 ποιΐᾳ.
