2990 4804
670 271 868 342 ...12-

269 407 463 483 Diversitas
478 408 702 507 tragicorum
716 429 983 508 nonnunquam
997 406 1035 479 in
1051 405 1257 482 minoribus
1271 435 1312 483 ac

219 519 320 624 quasi
338 519 596 595 minutioribus
608 518 905 619 deprehenditur,
921 518 1033 593 veluti
1046 545 1159 620 quum
1174 521 1313 620 Sopho·

220 633 291 707 cles
319 633 446 731 saepius
475 632 642 706 ultimam
661 633 923 733 pronominum
949 630 1074 706 enclisi
1097 631 1311 708 affectorum

219 755 289 842 ἡμῖν
311 760 349 817 et
376 751 444 842 ὑμίν
472 744 817 844 syllabambrevem
844 743 949 832 lacit,
979 743 1078 844 quod
1106 743 1236 817 nullibi
1264 743 1311 819 ab

218 857 394 956 Euripide
416 859 551 931 lactum
570 884 643 931 esse
666 858 846 930 affirmant
869 857 986 931 critici
1000 865 1024 930 ¹.
1049 855 1148 930 ldem
1164 856 1311 956 Sopho-

218 969 290 1043 cles
315 971 444 1068 saepius
468 972 577 1044 metri
605 970 811 1045 necessitate
836 967 980 1043 adactus
1009 973 1090 1070 δόρει
1119 968 1247 1042 scribit
1272 968 1310 1042 in

218 1080 345 1154 mediis
367 1083 516 1158 senariis
539 1109 607 1182 pro
628 1087 712 1184 δόρι,
742 1109 852 1183 quam
871 1083 1026 1157 sormam
1050 1080 1312 1181 Aristophanes

219 1192 258 1266 in
271 1193 361 1267 Pace
378 1196 592 1294 perstrinxit
603 1211 629 1268 ².
650 1193 719 1268 Sed
736 1195 820 1270 talia
835 1194 978 1295 longius
994 1221 1014 1267 a
1031 1194 1220 1294 proposito
1238 1219 1311 1269 uo·

219 1319 296 1378 stro
308 1303 573 1406 digrediuntur.
1158 1368 1162 1375 .

269 1417 427 1490 Maxime
445 1443 489 1490 ex
506 1435 597 1508 arte,
618 1445 687 1518 qua
705 1417 815 1494 verba
828 1419 1016 1516 duplicant
1028 1435 1065 1492 et
1082 1435 1311 1517 componunt

219 1543 350 1629 poetae,
371 1553 516 1628 poeseos
534 1529 674 1602 indoles
691 1530 832 1603 elucere
854 1527 1009 1602 videtur.
1028 1529 1149 1630 Atque
1165 1528 1311 1628 AEschy·

220 1642 275 1715 lus
292 1657 429 1742 quanto
447 1641 565 1715 studio
582 1643 803 1742 exaggeratis
825 1654 861 1714 et
879 1639 1182 1740 sesquipedalibus
1198 1667 1310 1715 voca-

218 1751 314 1827 bulis
337 1751 490 1826 sublime
515 1751 658 1828 dicendi
677 1779 789 1854 genus
810 1753 1010 1852 captaverit
1030 1754 1067 1826 in
1089 1754 1217 1853 vulgus
1237 1779 1309 1849 no-¹

219 1862 323 1957 tum3
357 1863 477 1939 verbis
512 1866 768 1969 decompost'tis
802 1863 932 1967 gaudet
965 1864 1161 1966 Sophocles
1180 1869 1206 1939 ³.
1241 1865 1310 1940 Sed

218 1975 412 2078 Euripides
431 1980 648 2078 portentosis
671 1977 911 2080 quibusdam,¹
923 2004 1010 2079 quas
1027 1979 1102 2077 ipse
1123 1979 1310 2080 excogita-

219 2090 293 2181 vit,
320 2089 446 2163 formis
471 2092 610 2189 primus
636 2092 812 2164 sinceram
831 2091 939 2190 graeci
962 2090 1138 2162 sermonis
1155 2090 1310 2190 integri-

220 2215 331 2275 tatem
349 2203 612 2276 commaculare
629 2203 755 2302 coepit.
775 2201 950 2300 Exempla
968 2201 1126 2302 plurima
1141 2201 1310 2275 excitavit

219 2313 451 2413 Bernhardyt
468 2346 477 2387 τ
493 2320 685 2412 deodericus),
701 2318 1007 2416 σταδιοδραμοῦμαι,
1027 2321 1305 2413 κακοδουλεύομαι,

220 2444 400 2528 messapo,
421 2435 506 2512 εὐθύς
523 2454 592 2526 pro
609 2436 692 2523 εὐθύ,
713 2444 782 2501 etc.

438 2617 466 2678 4.
480 2620 525 2678 De
540 2621 706 2679 continuata
722 2619 852 2678 oratione
864 2616 943 2700 apud
958 2618 1091 2698 tragicos.

268 2767 469 2843 Sententias
485 2794 560 2842 uno
573 2769 714 2842 senario
732 2764 988 2868 comprehendi
1004 2793 1045 2839 ac
1061 2767 1215 2866 cogitata
1231 2766 1309 2867 ipso

218 2904 389 2955 versuum
401 2883 500 2956 exitu
512 2881 624 2972 finiri,
637 2881 874 2981 simplicitatis
886 2877 1082 2977 AEschyleae
1093 2881 1178 2952 est⁵.
1192 2879 1224 2951 A
1240 2906 1309 2980 qua

180 3061 185 3070 .
218 3020 331 3096 quum
343 2993 436 3067 nihil
453 2995 566 3094 magis
583 2995 742 3068 alienum
756 2994 821 3086 sit,
838 3019 947 3095 quam
963 2990 1140 3093 aequahile
1157 2991 1309 3091 Euripi-

217 3105 294 3180 dem
316 3105 490 3180 orationis
509 3104 666 3196 flumen,
694 3132 768 3206 quo
787 3106 980 3204 saepissime
1002 3104 1102 3204 quasi
1129 3104 1309 3178 oratorius

11 3299 13 3328 ι
129 3264 133 3274 -
218 3218 318 3293 orbis
356 3218 508 3292 efficitur
544 3217 605 3290 ille
635 3214 679 3288 ad
714 3215 864 3290 forensis
898 3233 933 3290 et
961 3216 1139 3316 judicialis
1168 3216 1309 3316 generis

217 3328 360 3405 dicendi
405 3330 680 3404 similitudinem
721 3327 919 3420 accedens,
963 3352 1072 3402 nemo
1114 3328 1309 3402 mirabitur

219 3444 257 3516 in
280 3441 439 3540 AEschyli
468 3440 615 3534 sabulis,
644 3467 713 3542 pro
739 3465 810 3541 qua
839 3441 1179 3546 estinaequalitate,
1209 3443 1308 3542 juxta

12 3555 14 3568 ’
92 3567 99 3578 “
218 3554 455 3630 minutissima
468 3556 545 3628 cola
559 3553 725 3654 periodos
737 3553 892 3628 inveniri
903 3553 941 3626 in
956 3554 1171 3627 immensum
1184 3577 1310 3626 excurt-

260 3855 270 3882 ¹
284 3844 423 3905 Tbiersch
436 3887 444 3919 ,
462 3840 647 3904 Grtectiscte
660 3845 687 3904 S
688 3843 944 3926 chulgrammatik,
960 3865 991 3923 p.
1007 3844 1080 3903 202.
1302 3889 1310 3908 .

259 3954 270 3982 ¹
283 3941 466 4002 Choerobosc.
479 3939 518 4000 ad
533 3939 659 4016 Theod.‚
672 3944 701 4002 iu
716 3929 840 4003 Bellen
856 3939 1011 4011 Anecdot„
1023 3961 1055 4020 p.
1068 3935 1160 4002 1364.
1255 3985 1257 3992 .

258 4039 270 4079 ³
285 4039 493 4112 Hermarchus,
508 4037 546 4098 ad
562 4036 673 4120 OEdip.
689 4035 767 4116 Cot,
780 4059 807 4098 v.
828 4037 919 4100 1558.

256 4134 465 4219 ⁴Bernhardy,
483 4135 532 4198 W
530 4133 781 4218 issenseleastliehe
795 4135 932 4218 Syrtes,
949 4155 979 4214 p.
998 4131 1047 4194 ll.

257 4233 269 4274 ⁵
282 4235 338 4298 Dio
351 4233 515 4318 Chrysost„
534 4232 585 4296 Or.
604 4230 674 4307 LII,
686 4251 717 4314 p.
732 4231 793 4294 267
808 4254 816 4291 a
832 4230 914 4294 otto
928 4237 958 4290 τὸ
973 4231 1210 4310 tuscolanus
1222 4233 1304 4310 (χων.
