2990 4804
366 444 404 455 —-·
442 409 507 486 (lb.
527 429 553 470 v.
569 405 646 484 305)
660 431 669 466 ε
686 417 748 472 κυνῆ
761 413 894 490 πρόσωπα
906 405 1029 472 errasti
1042 428 1081 464 νιν
1096 404 1224 486 ἀμπέχει.

330 504 426 566 Dativi
446 505 511 584 (Aj.
528 524 558 561 v.
576 501 654 578 408)
672 527 679 561 ε
697 511 784 583 Κόρην
799 505 880 585 ἀπρὶξ
894 507 966 571 ὄνυξι
981 504 1114 562 συλλαθὼν
1126 511 1199 584 χερί.

273 597 276 606 ’
307 599 406 680 (ΟΕδ.
425 599 485 659 Col.
497 621 526 660 v.
546 600 667 676 1321)=
684 607 795 678 εὔχεται
812 611 1004 678 καταοιιαρῇ

680 705 816 764 Καπανεὺς
836 705 866 755 τὸ
883 701 969 764 Θήθιις
983 701 1053 755 ἄστυ
1070 695 1181 774 δηῴαειν
1194 704 1279 777 πυρί.

239 867 277 937 la.
305 860 414 938 Velut
428 861 522 936 actio
541 859 642 934 verbi
663 875 816 960 augetur
834 859 1033 960 participiis
1048 860 1157 959 (ἔχων,
1175 868 1282 963 φέρων,

189 982 306 1067 λαθών,
320 976 455 1076 παρών),
470 1002 511 1049 ae
533 973 745 1048 substantivi
768 972 950 1073 adjectivis
965 971 1177 1071 quibusdam
1196 976 1285 1073 jux-

191 1088 350 1186 tapositis
362 1088 469 1186 (ξυνὼν
481 1097 610 1188 χρόνος,
631 1091 782 1187 ξυγγενεῖς
794 1103 897 1183 μῆνες,
913 1090 1066 1179 ξύνοικος,
1087 1084 1184 1158 ΟΕδ.
1203 1086 1284 1160 Col.

190 1225 225 1274 ν.
243 1200 376 1298 1123),
404 1225 514 1302 quem
536 1200 786 1298 pleonasmum
815 1197 927 1298 possis
950 1199 1142 1297 positivum
1158 1200 1286 1299 appel-

188 1309 281 1400 lare,
302 1326 433 1400 exstat,
463 1311 562 1415 isque
580 1310 787 1385 notissimus
804 1334 933 1409 graecae
959 1308 1094 1408 linguae
1115 1310 1287 1408 pleonas÷

186 1448 267 1494 mus
282 1425 489 1521 negativus,
508 1449 553 1495 eo
569 1424 785 1512 consistens,
807 1419 906 1518 quod
929 1421 1051 1518 plures
1076 1425 1285 1522 negationes

182 1533 285 1632 juata
309 1558 346 1605 se
371 1533 499 1631 positae
526 1558 602 1607 non
619 1558 656 1604 se
673 1533 823 1619 tollunt,
853 1529 914 1604 sed
932 1531 1085 1603 invicem
1103 1531 1284 1607 corrobo-

187 1660 285 1718 rant.
315 1642 420 1739 Quod
447 1670 523 1718 non
546 1643 664 1718 solum
684 1642 729 1715 de
756 1642 840 1742 ipsis
867 1665 994 1714 rerum
1018 1659 1072 1714 est
1098 1645 1283 1742 particulis

187 1755 375 1855 negativis,
398 1783 484 1856 quas
510 1755 695 1830 interdum
716 1756 763 1826 ita
783 1754 979 1828 cumulavit
1006 1754 1214 1854 Sophocles,
1244 1773 1285 1832 ut

186 1868 296 1940 etiam
319 1868 581 1942 enuntiationis
604 1894 745 1941 sensum
772 1864 982 1940 obscuraret
999 1867 1081 1965 (El.
1107 1896 1142 1944 v.
1171 1874 1281 1960 lll9;

186 1978 282 2054 OEd.
302 1980 381 2054 Col.
399 2009 434 2053 v.
449 1985 541 2073 350,
562 1981 689 2080 Antig.
710 2009 745 2052 v.
761 1980 825 2078 3),
845 1977 903 2052 sed
924 1980 1031 2052 etiam
1049 1978 1093 2052 de
1108 1980 1284 2081 adjectivo

185 2090 350 2236 (γωοΙίῙνοῐ
365 2091 533 2190 privandi
549 2094 735 2166 notionem
750 2091 972 2181 involvente,
990 2091 1116 2190 Antig.
1136 2119 1172 2165 v.
1189 2096 1281 2168 396:

185 2211 245 2305 ἐγὼ
280 2207 310 2278 δ’
340 2212 543 2306 ἐλεύθερος
575 2208 695 2289 δίκαιός
729 2215 789 2300 εἰμι
822 2208 913 2276 τῶνδ’
937 2211 1133 2299 ἀπηλλάχθαι
1164 2223 1284 2284 κακῶν.

187 2315 313 2416 Antig.
327 2345 359 2390 ν.
375 2321 468 2393 llil:
487 2322 551 2402 ἔωξ
574 2323 635 2420 βαρ
597 2322 963 2401 αείαςαῖτίαςέλεύθε
950 2348 1042 2417 ερ.ον
1059 2316 1118 2414 Aj.
1134 2345 1167 2390 v.
1182 2321 1281 2392 464:

185 2438 329 2529 γυμνὸν
347 2436 478 2528 φανέντα
492 2445 550 2504 τῶν
567 2440 725 2530 ἀριστείων
742 2443 831 2527 ἄτερ
852 2432 885 2524 (c
866 2430 911 2500 c.s
928 2429 1037 2500 Hom.
1051 2428 1155 2502 lliad.
1168 2429 1282 2518 XXI,

158 2545 163 2555 “
187 2541 258 2613 5οε
278 2547 389 2637 γυμνὸν
405 2554 476 2638 ἄτερ
500 2548 625 2638 κόρυθός
645 2571 678 2610 τε
701 2547 752 2610 καὶ
777 2538 938 2633 ἀσπίδος).
961 2537 1056 2610 Phil.
1078 2567 1114 2610 v.
1130 2544 1170 2614 31
1194 2571 1203 2611 ε
1224 2550 1285 2640 ὁρῶ

186 2657 294 2729 κενὴν
319 2663 436 2729 οἴκησιν
462 2658 624 2750 ἀνθρώπων
650 2652 687 2720 δι’
694 2681 758 2744 χα.
781 2645 878 2720 OEd.
906 2647 950 2718 R.
977 2676 1012 2720 v.
1045 2652 1090 2722 56
1109 2679 1118 2722 ι
1134 2661 1176 2735 ὡς
1198 2655 1284 2728 οὐδέν

186 2769 266 2836 ἐστιν
290 2769 357 2834 ούτε
382 2766 513 2862 πύργος,
535 2769 600 2833 οὔτε
624 2772 696 2844 ναῦς
724 2770 832 2861 ἔρημος
859 2761 975 2859 ἀνδρῶν
1003 2769 1045 2857 μὴ
1075 2765 1284 2845 ξυνοικούντων

186 2881 242 2950 ἐνί.
262 2873 320 2946 Sic
337 2883 432 2974 χωρίς
447 2890 483 2946 et
496 2888 567 2946 ἄνευ
580 2873 681 2972 juxta
699 2872 812 2970 posita
829 2886 933 2960 sunt,
948 2869 1045 2942 OEd.
1062 2873 1106 2950 R.
1121 2900 1156 2946 v.
1174 2877 1282 2950 1161.

235 2985 420 3058 Peculiarc
443 2983 613 3081 Sophocli
637 2981 780 3056 videtur
800 3007 888 3070 esse,
911 2983 970 3055 vel
988 2982 1122 3082 duplex
1142 3011 1286 3111 prono-

189 3123 293 3189 men,
313 3096 370 3170 vel
393 3095 575 3220 duplicem
600 3095 916 3192 praepositionem,
942 3097 998 3170 vel
1020 3096 1127 3171 etiam
1147 3097 1285 3171 articu-

188 3208 285 3295 lum,
314 3205 376 3280 ubi
402 3206 553 3278 minime
579 3229 663 3276 eum
687 3206 968 3302 exspectaveris,
1000 3232 1158 3305 ponere,
1186 3208 1285 3309 quod

189 3320 460 3419 epexegetienm
476 3334 530 3391 est
545 3315 687 3392 dicendi
706 3341 830 3416 genus.

238 3431 285 3502 Pr
288 3431 472 3505 onominis
485 3429 562 3503 haec
573 3445 656 3502 sunt
669 3430 857 3527 exempla:
849 3428 969 3501 ·0Ed.
986 3429 1031 3502 R.
1046 3458 1082 3506 ν.
1095 3434 1254 3508 216-218
1272 3462 1284 3514 ε,

189 3552 252 3618 τὸν
277 3547 532 3647 δεδρακότα...
559 3551 655 3618 κακὸν
680 3558 782 3626 κακῶς
809 3574 866 3616 νιν
898 3557 1011 3644 ἀρορον
1035 3551 1176 3645 ἐκτρῖψαι
1201 3551 1281 3638 βίον.

190 3654 322 3729 Truch.
347 3685 382 3730 v.
408 3659 478 3733 287
500 3661 637 3728 εαύτὸν
663 3659 697 3729 δ’
723 3662 884 3742 ἐκεῖνον,
915 3655 976 3728 εὖτ’
1002 3664 1038 3730 ἀν
1062 3666 1142 3756 ἁγνά
1165 3662 1286 3754 θύματα

189 3772 321 3867 peip-n.
338 3778 436 3871 φρόνει
454 3799 508 3841 νιν
526 3775 566 3850 ὡς
587 3771 709 3850 ἥξοντα.
729 3766 884 3840 Philoct.
901 3770 1112 3854 ν.315εοῖς
1135 3756 1285 3868 ὀλύμπιον

191 3889 251 3952 θεοὶ
275 3882 355 3954 δοῖέν
376 3888 444 3956 ποτ’
465 3886 590 3961 αὐτοῖς
612 3885 755 3952 ἀντίποιν’
775 3886 847 3975 ἐμοῦ
867 3891 986 3954 παθεῖν.

239 3991 400 4092 Duplicis
426 3988 694 4092 praepositionis
719 3988 809 4064 haec.
829 3990 961 4064 Trach.
990 4019 1026 4066 v.
1052 3995 1168 4066 ll55:
1192 4001 1284 4095 πρὸς

190 4119 249 4180 τῶν
278 4114 425 4180 θανόντων
456 4106 583 4202 μηδενὸς
610 4111 707 4175 θανεῖν
737 4109 819 4177 ὑπό.
846 4102 942 4176 OEd.
962 4103 1059 4175 ΒΝ.
1078 4108 1171 4180 9l9:
1191 4115 1284 4210 πρὸς

73 4320 75 4324 ,
191 4234 244 4304 τῆς
268 4226 364 4318 τύχης
386 4225 507 4310 ὄλωλεν,
535 4219 604 4290 οὐδὲ
627 4217 713 4289 τοῦδ’
732 4221 810 4292 ὑπό.
839 4215 933 4288 Phil.
959 4243 993 4289 v.
1021 4219 1092 4292 554
1110 4246 1118 4289 :
1139 4226 1160 4292 ἃ
1183 4237 1281 4294 τοῖσιν
