2990 4804
600 265 723 370 „⁴25
747 315 797 335 ...

489 555 566 656 §3
595 567 641 634 uu
666 584 908 635 aulcouurno.

200 758 321 852 Quum
339 753 431 829 nihil
451 754 486 826 ln
500 744 658 854 AEschyli
676 755 772 855 poesi
790 753 1009 829 anacolutho
1019 756 1245 858 frequentius

151 871 214 960 sit,
235 895 312 942 non
328 869 376 940 ita
391 881 487 941 certe
499 868 646 946 evanuit
660 867 755 966 ap'ud
772 853 992 966 Sophoclem
998 923 1009 958 ,
1026 884 1067 942 ut
1080 872 1244 970 exempla

150 982 224 1081 ejus
251 980 417 1053 invenire
441 1001 517 1054 non
534 980 659 1078 possis.
680 971 749 1054 Se'd
768 997 803 1055 et
820 982 975 1074 rariora
989 998 1092 1080 sunt,
1123 985 1244 1056 maxi-

150 1117 281 1192 meque
305 1092 344 1164 in
363 1091 502 1182 melicis
524 1089 687 1189 partibus
704 1101 1019 1182 occurrunt,-eta
1039 1091 1158 1166 uerbis
1181 1110 1243 1167 aut

151 1205 356 1304 praegressis
380 1219 440 1298 aut
462 1202 693 1303 sequentihus
712 1221 897 1304 poetaequc
915 1205 1067 1282 consilio
1091 1231 1243 1280 excusa-

151 1319 292 1402 tionem
309 1303 457 1388 hahent.
475 1315 640 1416 Denique
665 1314 732 1388 hoc
751 1315 947 1390 tenendum
969 1328 1039 1405 est',
1060 1315 1154 1415 apud
1172 1318 1242 1390 So-

151 1423 319 1528 phoclem
336 1425 600 1516 anacoluthon,
620 1425 716 1528 quod
735 1427 885 1506 duarum
902 1446 1167 1502 structurarum
1184 1427 1245 1505 di-

152 1542 319 1614 versitate
337 1557 492 1630 constat,
507 1539 625 1612 minus
642 1541 850 1641 frequenter
864 1542 1049 1641 usurpari,
1065 1569 1174 1643 quam
1194 1543 1242 1636 id,

152 1652 249 1753 quod
267 1653 482 1727 inconcinna
501 1652 654 1752 quadam
674 1653 965 1753 propositionum
978 1656 1150 1753 junctura
1166 1655 1245 1728 elli-

153 1765 263 1852 citur.

201 1874 460 1950 Anacoluthon
485 1891 550 1966 est,
580 1898 694 1976 quum
723 1876 759 1947 in
791 1871 1011 1950 allocutione
1037 1879 1245 1950 vocativum

153 1988 325 2083 singulari
348 2014 503 2064 numero
530 1989 689 2088 positum
719 1987 880 2087 sequitur
896 1987 1047 2088 pluralis
1073 2013 1246 2062 numerus

153 2101 253 2175 verbi
261 2157 272 2190 ,
286 2099 499 2205 volart-OEd.
516 2101 593 2174 Col.
611 2128 645 2175 v.
665 2105 777 2175 rtur:
795 2103 819 2175 ὦ
836 2109 949 2196 τέκνον,
966 2107 986 2184 ἥ
1002 2113 1169 2206 cripturam
1188 2102 1245 2175 lh.
1265 2135 1267 2138 ·

152 2238 188 2286 v.
210 2216 306 2289 ttaa
323 2244 331 2284 ι
347 2221 534 2314 προσέλθεά,
554 2216 578 2288 ὦ
595 2231 669 2306 παῖ,
692 2213 789 2312 ιμιοθ
808 2211 964 2284 hominis
975 2231 1027 2288 est
1044 2214 1088 2286 dc
1105 2211 1246 2288 duobus

154 2326 361 2426 cogitantis,
381 2323 441 2397 sed
458 2351 538 2395 cum
556 2349 629 2396 uno
648 2339 789 2395 tantum
803 2320 911 2394 verba
928 2323 1105 2396 facientis.

201 2437 505 2538 Frequentissime
531 2434 626 2535 apud
654 2433 880 2532 AEschylum,
913 2435 1109 2537 aliquando
1139 2436 1248 2510 ctiam

153 2541 246 2647 apud
266 2548 501 2648 Sophoclem,
529 2548 730 2650 singularis·
746 2574 786 2620 ac
804 2546 953 2646 pluralis
983 2575 1157 2652 numerus
1174 2551 1248 2634 mi-

152 2678 309 2750 scentur,
323 2687 437 2762 quum
452 2659 582 2758 chorus
600 2687 742 2734 scenam
752 2678 861 2734 tenet.
878 2661 991 2734 Prout
1002 2663 1100 2752 enim
1115 2661 1162 2738 de
1174 2689 1251 2738 uno
1330 2687 1338 2703 ·

153 2771 368 2870 coryphaco,
396 2771 452 2846 vel
478 2771 522 2843 de
539 2773 710 2846 omnibus
727 2770 907 2845 choreutis
918 2773 1099 2869 cogitabit
1119 2790 1245 2875 poeta,

153 2885 373 2983 singularem
389 2882 446 2954 rel
475 2883 654 2982 pluralem
681 2906 875 2980 numerum
900 2897 1071 2979 reponet,
1092 2900 1131 2953 ut
1149 2882 1245 2978 ΟΕιΙ.
1338 2919 1344 2932 ·

154 2996 230 3086 Col.
252 3024 286 3068 v.
309 2999 393 3069 ¹167:
413 2998 558 3082 ὦξεῖνοι,
576 3004 617 3091 μὴ
635 2998 872 3086 θῆτ’άθικηθῶ,
892 3003 949 3067 σοὶ
967 3001 1155 3090 πιστεύσας,
1174 3015 1245 3070 etc.

201 3106 361 3206 Vulgare
379 3104 619 3180 anacoluthon
638 3117 718 3194 est,
736 3111 849 3206 quum
875 3106 947 3179 alio
969 3133 1050 3202 casu
1078 3103 1249 3208 incipitur

154 3220 292 3310 oratic,
318 3218 389 3291 alio
408 3220 656 3308 continuatur,
675 3218 734 3290 El.
754 3246 789 3290 v.
815 3223 887 3292 479
908 3247 916 3287 :
934 3222 1040 3291 ὕπεστί
1059 3252 1121 3313 μοι
1138 3231 1250 3319 θράσος

155 3336 310 3406 ἁδυπνόων
334 3338 518 3404 κλύουσαν
537 3342 646 3432 ἀρτίως
661 3340 832 3432 ὀνειράτων.
849 3327 976 3426 Antig.
992 3356 1027 3399 v.
1041 3331 1112 3401 853
1127 3358 1136 3398 a
1150 3337 1250 3424 ἔψαυ-

155 3478 210 3529 σας
240 3453 520 3545 ἀλγεινοτάτας
547 3451 610 3539 ἐμοὶ
636 3453 833 3543 μερίμνας,
859 3441 977 3538 (gen.)
1005 3447 1119 3540 πατρὸς
1141 3451 1249 3542 τριπθ·

154 3565 252 3632 λιστον
277 3561 378 3630 οἶκτον
403 3557 466 3652 (se.
489 3556 615 3655 λέγων).
631 3551 763 3626 Trach.
783 3579 819 3624 v.
841 3555 931 3626 804:
950 3551 1074 3648 τοσαῦτ’
1094 3559 1250 3633 ἐπισκή-

155 3676 273 3764 ψαντι
283 3705 309 3754 ς.
320 3723 344 3739 ..
368 3675 485 3766 ἐνμέσῳ
497 3677 605 3768 σκάφει
617 3674 712 3750 θέντες
722 3695 822 3765 σρε...
839 3671 1015 3762 ἐκέλσαμεν.
1029 3665 1087 3764 Aj.
1108 3693 1143 3737 v.
1156 3667 1247 3740 983:

154 3783 178 3853 ὦ
196 3785 408 3855 δυσθέατον
425 3795 547 3877 ὄμμα,
567 3787 619 3852 καὶ
637 3785 748 3873 τόλμης
763 3791 887 3876 πικρᾶς.
904 3777 1062 3850 Maxime
1079 3777 1115 3847 ln
1130 3777 1253 3848 nomi-

154 3893 285 3965 nativis
308 3889 505 3982 absolutis,
523 3903 689 3994 ρητορικῶς
713 3886 858 3988 positis,
876 3904 914 3960 ut
930 3887 1091 3986 subjecto
1109 3885 1251 3987 pondus

154 4002 335 4076 addatur:
357 4002 484 4102 Antig.
510 4030 546 4074 v.
573 4006 667 4078 239:
692 4009 777 4100 λόγοι
802 3999 831 4074 θ’
856 4008 886 4074 ε’ν
908 4009 1080 4082 ἀλλήλοισιν
1113 4008 1252 4103 ἐρρόθουν

153 4127 264 4212 κακοί,
292 4121 408 4217 φύλαξ
429 4123 594 4218 ἐλέγχων
621 4120 753 4216 φύλακα.
784 4112 838 4186 lb.
862 4141 897 4187 v.
926 4117 998 4189 409
1014 4145 1022 4186 a
1041 4124 1247 4211 καθήμεθα...

154 4235 273 4331 ἐγερτὶ
299 4243 407 4303 κινῶν
428 4227 514 4330 ἄνδρ’
535 4238 622 4330 ἀνήρ,
643 4243 713 4301 etc.
733 4223 829 4300 OEd.
849 4227 894 4302 R.
914 4253 950 4301 v.
977 4229 1065 4304 l59:
1085 4235 1193 4327 πρῶτά
1214 4258 1249 4302 σε
