2990 4804
699 555 752 626 Dll

191 753 753 898 soPHOGLEAE
810 711 1305 912 DICTIONIS·

517 1039 930 1168 sacramanta

286 1449 612 1568 AESGHYLI
650 1453 1159 1600 EURIPIDISQUE

430 1687 587 1754 uictum
608 1689 759 1756 ututur
779 1692 1020 1760 coutantur.

523 2133 686 2214 GAPll'l'
714 2135 931 2220 PlllllUll.
1053 2123 1056 2130 Δ

327 2305 408 2400 §l
437 2329 483 2378 ua
506 2329 708 2380 sornocnua
734 2328 910 2380 meracius
934 2329 1122 2382 cranaus.
1149 2361 1154 2381 .

229 2477 383 2570 Habuit,
403 2495 444 2552 ut
458 2480 632 2581 pleraque
652 2477 774 2553 omnia
791 2476 981 2552 decursum
1000 2482 1100 2582 quasi
1129 2497 1271 2558 natura·

180 2592 253 2668 lem
273 2606 311 2665 et
333 2608 454 2667 [etates
477 2619 556 2668 suas
578 2591 754 2693 tragoedia
766 2647 778 2686 ,
798 2617 899 2692 quae,
924 2607 967 2666 ut
989 2619 1036 2667 ne
1060 2595 1271 2674 obscuriora

178 2705 327 2782 uomina
356 2731 492 2795 morer,
519 2705 566 2779 ah
585 2706 756 2806 AEsohylo
781 2719 960 2805 coepta,a
984 2707 1163 2806 Sophocle
1184 2737 1271 2808 per·

177 2819 287 2908 lecu,
313 2843 397 2892 cum
418 2817 592 2918 Euripide
608 2818 783 2892 exstincta
800 2832 866 2890 est.
881 2817 997 2908 Quam
1020 2819 1048 2889 si
1076 2847 1096 2891 a
1121 2819 1271 2896 rudibus

180 2930 292 3004 initiis
309 2930 507 3028 prolectam
526 2930 685 3005 excoluit
704 2927 892 3028 AEschylus
908 2943 944 3001 et
958 2930 994 3006 iu
1012 2929 1101 3003 artis
1115 2931 1271 3006 sormam

179 3041 342 3141 redegit,
362 3042 541 3116 excultam
561 3058 680 3116 autem
696 3057 805 3141 atque
824 3040 867 3114 ad
890 3067 1072 3115 summum
1090 3044 1270 3145 fastigium

178 3168 339 3230 evectam
364 3152 554 3252 Euripides
574 3154 776 3253 paullulum
799 3153 1009 3246 inclinavit,
1033 3154 1270 3253 Sophocleum

175 3266 304 3365 poesin
326 3265 365 3338 in
381 3281 533 3366 angusto
550 3264 715 3342 noudum
735 3279 995 3340 consummatas
1015 3291 1057 3338 uc
1076 3290 1160 3337 mox
1184 3290 1270 3338 ver-

181 3378 298 3478 gentis
309 3380 396 3452 artis
409 3378 570 3453 confinio
587 3379 740 3478 positam
757 3403 829 3452 esse
839 3392 1000 3475 apparet.
1011 3377 1270 3452 Verumtamen

181 3489 277 3561 intra
304 3505 380 3564 tam
408 3506 550 3563 arctum
572 3491 746 3589 temporis
769 3489 925 3587 spatium
949 3487 1270 3586 deprehenduntur

181 3623 305 3702 eaeque
329 3602 422 3676 haud
446 3603 541 3678 leves
566 3600 734 3675 dictionis
759 3598 971 3698 Sophocleoe
999 3598 1267 3699 discrepantiae,

179 3726 222 3784 ut
234 3713 376 3812 juvenis
385 3711 429 3786 ad
442 3710 670 3809 AEschyleum
678 3766 689 3801 ,
703 3735 811 3785 senex
822 3710 865 3784 ad
875 3712 1113 3812 Euripideum
1126 3710 1268 3786 dicendi

180 3848 293 3924 genus
318 3827 465 3925 propius
485 3823 666 3898 accessisse
691 3823 866 3898 videatur.
889 3827 1059 3924 Ingenuus
1081 3835 1203 3896 autem
1228 3852 1269 3900 ac
1409 3859 1413 3867 ·

181 3936 330 4010 sincerae
345 3935 555 4034 Sophocleae
576 3938 665 4010 artis
688 3951 812 4010 notam
839 3961 953 4036 quum
974 3961 1099 4010 omaies
1115 3925 1266 4029 subulae,

182 4061 259 4122 tum
273 4049 427 4124 maxime
443 4047 562 4124 adulta
583 4047 737 4154 quadam
755 4075 796 4124 ac
813 4065 936 4151 vegeta
953 4048 1158 4122 maturitate
1175 4074 1271 4124 com·

180 4160 306 4262 positae
325 4185 402 4262 prae
417 4184 454 4233 se
473 4161 606 4236 lerunt.
630 4160 683 4234 De
704 4157 758 4236 his
774 4155 941 4238 dictionis
958 4159 1168 4262 Sophocleoe
1186 4177 1270 4238 oetu-

182 4269 277 4345 tibus
295 4269 454 4372 aequasi
475 4271 597 4352 stadiis
618 4271 798 4352 luculenta
819 4288 961 4352 exstant
980 4286 1147 4352 veterum
1173 4273 1270 4352 testi·
