2990 4804
491 606 927 724 PaAErltlo.

214 1127 348 1224 Quum,
357 1146 399 1204 ut
412 1129 679 1206 Germanorum
691 1133 842 1234 quisque
858 1133 1080 1236 antiquitatis
1092 1134 1257 1210 doctrina

161 1273 201 1330 et
236 1258 342 1334 laude
374 1259 515 1332 critices
549 1259 705 1332 maxime
733 1259 906 1350 florebat,
937 1262 974 1334 in
1006 1260 1254 1352 discutiendis,

161 1382 297 1484 quibus
334 1384 511 1486 tragoedia
544 1411 660 1485 graeca
690 1373 963 1477 involutaJ‘erat
990 1381 1151 1462 ¹tenebris
1183 1389 1258 1462 ela·

160 1507 343 1600 borasset,
373 1511 586 1611 nuperrime
617 1521 738 1585 autem
764 1512 801 1585 in
828 1511 894 1588 hac
921 1530 1043 1588 nostra
1068 1513 1257 1588 Parisiensi

162 1633 355 1709 Academia
372 1637 429 1709 vir
446 1633 673 1712 doctissimus
689 1640 794 1712 unius
806 1638 890 1712 libri
908 1639 1124 1739 compendio
1143 1656 1257 1714 totam

162 1786 243 1834 rem
260 1760 466 1859 planissime
490 1763 731 1862 patefecisset,
751 1779 787 1835 et
811 1762 1020 1837 illustrasset
1042 1763 1254 1857 clarissime,

73 1929 77 1938 ·
162 1886 255 1960 nibil
272 1886 383 1978 milri,
411 1914 618 1990 quanquam
644 1888 707 1962 diu
727 1890 957 1990 multumque
979 1891 1016 1963 in
1040 1889 1257 1989 ejuscemodi

104 2051 109 2058 ·
162 2011 289 2085 studiis
315 2029 476 2104 versato,
501 2003 685 2114 reliquum
706 2015 841 2089 sactum
865 2041 938 2090 esse
961 2014 1166 2107 videbatur,
1188 2015 1256 2090 nisi

161 2135 207 2210 ad
220 2139 499 2238 quaestiunculas
523 2140 695 2238 quasdam
719 2141 946 2217 obscuriores
968 2141 1141 2216 eruendas
1165 2167 1258 2216 con-

160 2264 286 2363 fugere
301 2263 454 2353 vellem,
474 2263 791 2365 quamaliquando
805 2264 1002 2340 dedicandi
1017 2291 1166 2365 genere,
1184 2292 1258 2364 quo

161 2406 249 2462 sunt
267 2391 491 2489 tragicorum
515 2391 697 2491 principes
715 2391 787 2480 usi,
808 2414 931 2490 agere,
957 2417 998 2462 ac
1017 2389 1151 2492 siquid
1171 2392 1258 2466 novi

159 2513 291 2588 sabulae
314 2540 442 2590 eorum
461 2517 595 2589 iterum
620 2516 824 2618 iterumque
853 2515 1023 2615 perlectae
1047 2511 1257 2618 suppedita-

161 2656 264 2731 rent,
292 2640 328 2714 id
350 2641 386 2713 in
415 2642 533 2717 lucem
565 2643 741 2742 prolerre.
771 2644 824 2716 De
846 2641 913 2716 hac
937 2668 993 2732 rc,
1025 2644 1256 2744 quantumvis

161 2765 315 2858 humili,
332 2783 486 2842 tractare
499 2767 550 2841 sic
564 2767 708 2842 demum
728 2795 850 2869 opcrae
867 2770 1026 2869 pretium
1042 2771 1119 2843 sore
1132 2766 1253 2860 rebar,

161 2893 191 2966 si
222 2918 297 2966 non
321 2893 432 2994 magis
462 2893 498 2966 in
526 2895 847 2995 grammaticorum
873 2894 972 2967 tricis
994 2909 1030 2965 et
1054 2892 1257 2993 quisquiliis

164 3018 394 3120 indagandis,
421 3046 530 3121 quam
550 3020 587 3094 in
610 3020 808 3095 verborum
836 3035 1016 3094 structura
1037 3033 1073 3094 et
1097 3019 1257 3118 ipsarum

163 3146 427 3221 sententiarum
445 3146 738 3222 conformatione
761 3144 974 3248 exponenda
999 3144 1159 3218 studium
1184 3171 1255 3217 na-

161 3298 298 3346 varem.

210 3398 263 3470 De
291 3395 500 3498 Sophocleae
525 3396 638 3500 igitur
653 3396 823 3473 dictionis
847 3395 1072 3497 proprietate
1097 3392 1256 3470 scribere

164 3522 283 3596 statui.
304 3521 416 3622 Quod
431 3551 540 3626 quann
562 3524 608 3598 sit
631 3521 795 3612 difficile,
818 3521 1005 3595 neminem
1031 3519 1162 3620 lugiet,
1191 3521 1255 3621 qui

163 3650 264 3724 norit
285 3676 358 3724 esse
386 3649 580 3751 quemdam
605 3673 838 3724 communem
862 3647 964 3722 omni
989 3649 1132 3748 tragicae
1156 3652 1256 3747 poesi

162 3801 328 3866 succum,
342 3803 383 3848 ac
397 3775 602 3850 tenuissima
615 3790 803 3874 poetarum
818 3771 944 3847 eodem
959 3773 1093 3874 linguae
1102 3827 1113 3862 ,
1124 3771 1253 3863 aetatis,

166 3901 271 3990 artis,
294 3899 425 3974 theatri
447 3899 631 3976 consortio
654 3895 835 3973 utentium
857 3896 1081 3972 discrimina.
1105 3892 1257 3968 Accedit

165 4025 261 4126 quod
287 4053 399 4128 quum
422 4027 609 4127 Sophoclis
628 4027 674 4100 sit
695 4026 992 4125 perfectissimum
1019 4019 1110 4098 illud
1136 4021 1255 4095 atticoe

165 4153 351 4254 elegantiae
383 4154 590 4254 ingenium,
621 4149 657 4226 id
687 4151 803 4252 ipsum
826 4150 1056 4253 per-sectionis
1081 4164 1152 4238 est,
1179 4174 1256 4222 non

161 4305 242 4380 quae
276 4279 505 4354 ambitiosior
534 4277 725 4381 cujuslibet
756 4307 814 4352 ars
841 4255 990 4354 seorsim
1021 4271 1162 4365 suadit,
1194 4271 1256 4347 sed

1094 4406 1110 4466 1
