2990 4804
713 257 911 328 ...30-

268 419 342 496 quo
359 394 533 470 commoti
550 407 786 492 spectatores,
805 391 851 467 de
865 394 1002 466 nefasto
1018 390 1151 492 otleipi
1168 394 1354 468 matrimoa

268 507 332 580 nio
345 505 541 606 cogitantes
552 503 707 579 horrore
720 519 876 578 tremere
887 499 1069 578 debebant
1079 527 1090 595 a
1100 506 1179 604 quis
1189 527 1263 579 non
1274 527 1357 605 gau·

268 617 351 691 deat
373 618 524 715 repetita
543 634 764 691 consonante
783 615 849 716 (lb.
875 641 911 690 ν.
932 618 1020 716 374)
1037 644 1045 689 :
1065 625 1173 718 τυφλὸς
1188 617 1358 691 ὥτ’-ὦτα

268 739 318 804 τόν
339 759 371 804 τε
392 743 460 804 νοῦν
483 740 524 804 τά
545 729 572 804 τ’
601 729 712 826 ὄμματ’
736 731 781 822 εἷ,
807 753 877 829 qua
895 731 1045 802 Tiresiae
1070 731 1121 802 ira
1147 723 1360 829 depingitur

269 839 559 915 admirabiliter?
576 840 630 915 Ac
645 843 672 914 si
687 843 835 915 comicae
851 842 1004 914 levitatis
1018 862 1091 918 esse
1106 842 1221 914 videri
1240 853 1360 940 potest

270 954 467 1028 verborum
483 953 578 1027 lusus
595 954 631 1026 in
646 953 865 1045 Philocteta,
881 977 917 1028 ν.
939 957 1034 1032 4248
1043 1008 1054 1043 ,
1072 955 1166 1030 tata
1180 984 1188 1024 τ
1203 967 1354 1054 χρῆμα...

271 1074 468 1168 ονχρημίνοι,
489 1064 707 1165 probabitur
724 1082 822 1139 certe
838 1066 1101 1160 annominatio‚
1117 1091 1153 1138 v.
1168 1070 1241 1143 429
1258 1095 1266 1137 2

353 1259 489 1346 ὀδοσσοὺο
506 1270 530 1330 δ’
551 1273 623 1335 ἐστὶν
642 1269 680 1330 αὗ
698 1273 856 1332 κάνταῦθ’
877 1274 920 1333 iau

352 1380 423 1450 χρῆν
436 1370 498 1426 ἀντὶ
510 1376 610 1427 τούτων
625 1373 662 1426 αὐ
671 1377 725 1427 τὸν
738 1365 881 1429 αὐδᾶται
895 1379 983 1451 νεκρόν
994 1369 1042 1445 (64.
1058 1367 1178 1460 uibrauit
1188 1373 1283 1446 utilia)
1291 1411 1301 1441 ,

271 1595 339 1672 qua
375 1566 489 1659 bene,
532 1595 640 1672 quam
678 1571 827 1644 moleste
862 1567 1095 1647 inimicorum
1125 1571 1362 1670 superstitum
1454 1569 1459 1580 ’

272 1682 493 1754 mentionem
516 1684 624 1770 ierat,
642 1681 883 1782 significatum
902 1708 968 1758 neo
985 1683 1167 1784 rejiciatur
1185 1683 1244 1756 illa
1265 1682 1362 1760 haud

271 1789 380 1866 dubie
393 1793 632 1896 proverbialis
644 1795 793 1887 locutio,
808 1793 862 1898 Aj
879 1825 915 1869 ν
934 1799 1047 1870 ttttz
1060 1829 1109 1872 ποι
1099 1801 1282 1891 βάντος,
1268 1831 1287 1876 n
1301 1809 1362 1870 τοῦ

272 1918 421 2000 στάντος,
446 1939 535 2007 ονπερ
556 1915 611 1982 οὐκ
632 1909 771 2009 s’yo's(cl
734 1906 892 1983 c.Phit.
912 1909 1070 2007 v..8t3)
1086 1905 1362 2004 Quinlnudabis

271 2007 418 2093 sortasse
431 2043 554 2091 versus
572 2021 637 2096 29l
646 2021 737 2098 -298
751 2020 910 2120 ejusdem
926 2019 1087 2094 fabulae:

437 2210 496 2281 dli*
513 2225 538 2280 is
551 2228 723 2303 πέτροισιν
745 2227 862 2303 π4τρον
877 2225 1036 2304 iaspidas,
1053 2226 1125 2302 μόλις

440 2321 523 2398 ἔφην’
547 2325 691 2398 ἄφαντον
709 2329 791 2398 φῶς,
809 2330 877 2393 ete„

275 2523 337 2596 ubi
360 2521 521 2621 lapidum
539 2524 767 2599 fricationem
785 2539 822 2594 et
840 2519 1071 2597 vehementes
1088 2524 1180 2624 ignis
1198 2520 1361 2597 eliciendi

276 2651 427 2722 conatus
441 2633 510 2708 sub
526 2635 652 2713 oculos
669 2634 734 2708 tibi
753 2631 880 2734 subjici
897 2650 1054 2733 putares.

601 2875 626 2970 §
653 2875 689 2943 6.
719 2892 765 2943 nn
790 2891 1041 2944 anterranum.

285 3139 289 3147 ,
326 3062 573 3164 Brachylogiae
600 3062 767 3162 quaedam
796 3091 911 3164 quum
932 3065 1111 3138 universae
1133 3063 1267 3162 liuguae
1288 3079 1365 3136 tum

279 3173 424 3274 tragicis
453 3174 587 3249 nostris
613 3199 823 3248 communes
848 3191 945 3248 sunt.
976 3176 1034 3247 Sic
1065 3199 1160 3272 saepe
1190 3176 1366 3272 particula

278 3288 444 3388 negativa
478 3289 515 3364 iu
555 3285 813 3364 enuntiationis
855 3283 1070 3359 bimembris
1104 3300 1207 3386 parte
1242 3287 1368 3384 priore

279 3401 464 3474 omittitur
486 3397 560 3499 (Aj.
578 3428 615 3474 ν.
640 3401 731 3489 239,
751 3399 862 3496 646);
878 3396 976 3498 quod
1001 3399 1089 3472 item
1115 3398 1365 3498 praepositioni

279 3510 443 3584 accidere
468 3512 560 3586 solet
592 3511 739 3610 (Trach.
771 3538 807 3582 ν.
835 3511 945 3608 974),
969 3527 1009 3584 et
1036 3512 1148 3584 cuivis
1179 3511 1369 3609 particula

279 3619 525 3722 disjunctim,
544 3639 584 3694 ut
598 3631 705 3698 titan
722 3623 895 3697 omissum
910 3639 981 3712 est,
997 3623 1128 3695 Tmoli.
1148 3647 1184 3695 v.
1205 3625 1262 3694 44.
1282 3621 1370 3694 Fre-

280 3734 513 3836 quentissima
531 3749 627 3810 certe
645 3736 790 3809 omissio
807 3753 861 3808 est
878 3735 1058 3834 participii
1075 3745 1130 3828 dv,
1153 3760 1236 3834 qnae
1259 3734 1369 3808 etiam

281 3864 365 3948 post
391 3843 545 3920 verbum
574 3857 737 3945 τυγχάνειν
757 3847 879 3923 locum
904 3846 1012 3920 habet
1035 3848 1120 3946 (El.
1147 3873 1183 3918 v.
1210 3847 1279 3935 46,
1305 3843 1365 3946 Aj.

282 3985 318 4030 v.
346 3958 382 4046 9,
406 3958 509 4054 eto).
536 3955 588 4028 De
613 3958 793 4031 locutione
815 3949 883 4037 lo'ia
905 3965 1038 4057 Εὐρύτου
1062 3965 1135 4032 ποτέ
1163 3957 1199 4028 iu
1227 3973 1369 4030 antece·

284 4067 451 4143 dentibus
468 4067 604 4141 dietum
626 4081 691 4140 est.
713 4069 780 4142 Sed
799 4083 917 4166 potest
932 4095 997 4141 usu
1015 4069 1138 4142 uenire
1156 4084 1197 4141 ut
1213 4065 1368 4143 verbum

287 4181 394 4257 eundi
416 4179 598 4258 subaudiri
623 4195 803 4282 oporteat.
836 4179 971 4260 Traclt.
999 4207 1036 4256 ν.
1063 4182 1134 4258 564
1153 4209 1164 4258 t
1182 4185 1369 4285 διορῥοίζηοε
