2990 4804
613 297 811 371 -53-

168 437 238 512 sed
255 441 326 510 sive
347 461 397 507 ea·
417 461 538 508 sorore
554 453 744 536 prognata
763 454 834 527 est,
857 441 930 511 siae
948 463 999 510 ecc
1015 438 1261 538 conjunctione

167 550 281 641 milri,
308 575 423 646 quam
448 573 526 620 esse
549 564 667 647 potest
691 575 806 639 soror,
833 549 999 635 muliere,-
1025 550 1124 648 quasi
1149 565 1263 624 exstet

170 659 415 761 propinquior
442 658 667 758 cognationis
694 659 844 760 gradus,
876 653 985 761 quam
1014 662 1161 735 sororis.
1193 659 1262 735 Sed

170 770 469 871 intemperantius
496 771 660 870 loquitur
685 771 805 846 Creon
819 765 840 862 ,'
862 789 904 846 ut
934 773 1026 846 iram
1052 771 1171 846 verbis
1196 797 1263 846 ex-

171 885 281 984 pleat.

220 993 408 1070 Interdum
427 993 594 1068 subtilius
611 1019 690 1068 rem
711 996 883 1095 exprimit
902 994 1110 1096 Sophocles,
1131 1012 1171 1070 ut
1187 1023 1265 1070 acu·

173 1134 255 1183 men
266 1106 543 1181 Atheniensium
558 1109 889 1182 exercereroluisse
901 1107 1050 1200 diceres,
1069 1108 1265 1208 propositis

172 1223 211 1296 in
226 1221 385 1296 medium
399 1218 612 1321 quibusdam
636 1220 836 1294 dialectices
857 1222 956 1320 quasi
971 1221 1186 1320 aenigmatis.
1209 1218 1265 1294 Ad

173 1333 383 1435 ejuscemodi
408 1332 665 1407 obscuritatem
686 1331 840 1432 digitum
864 1331 1020 1405 intendit
1038 1333 1266 1406 Hermannus

175 1449 212 1520 in
237 1445 457 1535 Philocteta,
484 1472 521 1518 r.
540 1448 625 1520 897.
651 1443 931 1544 Neoptolemus,
952 1471 1065 1545 quum
1082 1442 1263 1534 fraudem,

171 1587 279 1661 quam
299 1575 427 1632 contra
444 1555 683 1634 Philoctetem
701 1555 943 1650 machinatur,
960 1556 1184 1634 dissimulare
1203 1579 1264 1629 ne-

172 1689 301 1774 queat,
323 1669 401 1745 baec
419 1669 508 1744 dicit
526 1701 535 1742 :

646 1855 770 1929 Δεύτερον
783 1849 872 1926 ληφθῶ
884 1857 978 1920 κακός,

336 1953 458 2026 κρύπτων
477 1947 501 2003 θ’
517 1945 535 2002 ἃ
549 1953 584 2025 μὴ
599 1943 696 2004 δεῖκαὶ
707 1947 788 2024 λέγων
801 1946 926 2022 αἴσχιστ’
942 1947 1029 2015 indm

172 2138 254 2214 quae
265 2113 313 2184 ita
328 2111 440 2185 vertit
453 2112 681 2186 Hermannus
698 2143 707 2185 :
723 2114 909 2186 Iterumne
922 2112 1179 2215 deprehendar
1187 2141 1267 2188 ma·

175 2225 244 2318 lus,
268 2224 397 2315 semel,
423 2252 534 2325 quum
548 2253 638 2297 nera
654 2225 794 2311 celer&
811 2251 911 2298 nune
927 2242 1050 2298 autem
1064 2244 1188 2327 aperte
1205 2228 1268 2298 di-

177 2337 307 2428 cende,
337 2337 436 2438 quod
455 2355 558 2437 turpe
580 2333 766 2408 estPNam
788 2335 892 2432 in2eo
914 2353 967 2410 est
987 2336 1265 2436 Neoptolemus,

175 2467 216 2523 ut
233 2452 308 2551 jam
330 2476 404 2522 non
429 2447 544 2522 celare
560 2472 639 2521 rem
662 2447 750 2520 velit
757 2500 769 2538 ,
788 2445 849 2521 sed
872 2447 1066 2522 conliteri:
1091 2447 1126 2520 id
1150 2465 1270 2524 autem

177 2581 282 2662 turpe
300 2588 373 2636 esse
391 2560 507 2650 videt,
529 2560 612 2661 quia
633 2585 762 2634 verum
786 2560 941 2636 dicendo
961 2587 1038 2638 non
1059 2579 1179 2664 potest
1193 2589 1268 2638 non

175 2672 283 2747 fidem
297 2671 506 2748 Philoctetae
523 2671 642 2744 datam
659 2673 796 2746 fallere.

225 2783 392 2858 Alterum
406 2783 485 2856 talis
498 2781 728 2856 obscuritatis
742 2782 950 2880 exemplum
964 2785 1001 2854 in
1016 2781 1124 2881 Ajace
1136 2782 1269 2882 depre-

176 2894 365 2970 hendimus
387 2894 500 2968 iudea
515 2919 620 2968 versu
635 2895 720 2982 263,
740 2890 803 2966 ubi
823 2917 954 2966 verum
970 2893 1123 2992 aenigma
1144 2918 1162 2962 a
1177 2893 1270 2966 Tec-

176 3031 286 3084 messa
306 3009 416 3107 possis
432 3005 578 3081 credere
593 3022 629 3078 et
648 3004 805 3105 proponi
823 3019 860 3078 et
873 3003 976 3077 solvi.
992 3003 1083 3078 Nam
1097 3031 1209 3106 quum
1227 3031 1270 3078 cx

177 3118 292 3194 choro
327 3119 566 3220 quaesivisset,
597 3133 741 3206 utrum,
776 3113 858 3188 data
893 3117 1066 3215 optione,
1097 3119 1268 3216 eligeret,

178 3231 441 3306 contristansne
461 3230 594 3305 amicos
611 3246 652 3303 ut
668 3231 742 3330 ipse
759 3228 863 3301 lectus
881 3244 1023 3326 ageret,
1043 3254 1090 3299 an
1113 3251 1273 3300 commu·

177 3343 284 3418 uibus
301 3345 533 3417 afflictaretur
548 3343 671 3432 malis,
690 3336 1003 3438 respondissetque
1017 3337 1162 3425 chorus,
1182 3365 1270 3438 gra-

177 3457 255 3530 vius
272 3481 345 3531 esse
363 3454 432 3528 hoc
449 3456 634 3555 geminum
647 3453 803 3541 malum,
821 3451 940 3548 itaque
957 3475 1035 3537 nos,
1054 3449 1171 3549 inquit
1189 3450 1268 3537 illa,

178 3570 242 3642 etsi
256 3566 388 3642 morbo
401 3593 575 3656 caremus,
595 3565 798 3664 premimur
811 3577 932 3634 tamen
946 3560 1158 3634 infortunio.
1174 3559 1270 3654 Quo·

177 3709 261 3754 rum
281 3707 423 3754 sensnm
442 3678 574 3753 chorus
594 3702 668 3749 non
687 3690 862 3747 assecutus
880 3703 888 3744 :
907 3671 1000 3768 Quid
1022 3673 1108 3762 hoc,
1127 3673 1246 3775 inquit
1257 3727 1269 3764 ,

178 3794 266 3866 dicti
289 3788 363 3864 estl
382 3818 456 3865 non
480 3791 597 3880 enim,
614 3786 702 3888 quid
720 3787 793 3875 vis,
812 3784 989 3886 intelligo.
1008 3786 1102 3855 Tum
1124 3782 1271 3856 demum

180 3904 317 3980 nodum
339 3902 483 4002 expedit
506 3904 691 3975 Tecmessa
717 3901 765 3997 (v.
783 3898 988 3995 tos-275),
1013 3921 1144 3996 quam,
1170 3896 1270 3998 quasi

180 4019 319 4116 gavisus
338 4014 537 4091 subtilitate
556 4039 617 4086 sua
634 4009 842 4112 Sophocles,
866 4010 916 4083 sic
938 4009 1103 4084 oratione
1124 4007 1270 4112 defungi

180 4129 263 4204 lacit
280 4160 289 4203 ι

347 4262 393 4360 lp’
411 4281 469 4336 lert
483 4283 571 4337 ταῦτα
583 4274 624 4346 δὶς
637 4275 694 4338 τόσ’
708 4276 735 4345 ἐξ
746 4275 839 4356 &aloe
853 4279 941 4346 κακᾶς
