2990 4804
676 299 874 371 ..58-

234 436 417 536 duplicem
442 434 577 510 habent
599 434 839 512 intellectum.
863 434 1326 516 Philoctetes‘enumeratis

233 547 422 639 omnibus,
445 572 538 649 quos
555 546 818 638 exantlaverat,
843 545 1042 638 laboribus,
1062 551 1324 654 quuinpplures

232 659 378 762 quidem
392 658 436 732 ad
455 661 635 736 Lemnum
651 660 845 762 appulisse,
859 687 900 734 ac
921 660 1012 734 levia
1028 647 1194 761 quaedam
1209 659 1317 752 cloria,

232 773 375 846 miseria
392 799 453 845 sua
470 787 605 864 motos,
625 787 699 866 esse
716 771 879 875 largitos,
898 771 1083 848 nemiuem
1100 788 1219 848 autem
1234 800 1318 848 mo·

231 885 413 960 lestiamse
424 885 461 958 in
475 885 630 984 patriam
642 885 837 959 reducendi
849 885 1026 986 suscipere
1039 885 1213 980 voluisse,
1230 913 1318 960 nar-

231 1013 342 1071 rasset
378 995 492 1071 choro
528 1022 572 1070 ex
601 999 727 1099 graecis
761 999 906 1074 advenis
943 999 1163 1102 composito,
1191 1013 1321 1098 anceps

229 1133 443 1210 responsum
459 1110 545 1184 tulit
560 1113 612 1210 (v.
629 1113 732 1210 3tr):

390 1272 472 1342 llatae
485 1283 560 1364 κάγὼ
574 1292 629 1351 τοῖς
640 1282 789 1364 ἀφιγμένοις
799 1289 845 1340 ἴσα

393 1381 472 1450 ξένοις
486 1383 655 1464 ἔποιντείριιν
667 1403 716 1453 σε,
732 1387 860 1446 Ποίαντος
871 1382 969 1436 τέκνον.

226 1551 379 1628 Videtur
401 1550 503 1625 enim
524 1548 735 1626 Philoctetae
758 1553 990 1626 miseratione
1008 1561 1123 1625 tactus
1137 1573 1231 1644 esse,
1257 1549 1319 1627 sed

114 1680 116 1684 '
225 1681 464 1764 spectatores,
480 1662 575 1738 idem
589 1663 863 1738 eumfacturum
882 1661 980 1764 quod
1001 1663 1061 1737 alii
1083 1663 1258 1758 fecerant,
1277 1681 1319 1739 ut

225 1775 388 1878 quamvis
407 1777 565 1867 miserti,
587 1793 708 1852 tamen
730 1774 822 1850 nihil
845 1775 924 1876 opis
945 1778 1103 1866 ferrent,
1123 1777 1239 1876 probe
1257 1779 1317 1850 in-

226 1889 430 1988 telligunt..

273 2003 469 2104 Postquam
485 2005 744 2104 Neoptolemus
760 2029 781 2078 e
800 2003 1012 2078 Philoctetae
1029 2001 1196 2076 manibus
1221 2003 1318 2078 cele-

223 2115 428 2191 berrimum
445 2117 611 2191 Herculis
630 2143 755 2190 arcum
772 2117 929 2216 accepit,
950 2132 1062 2216 utque
1084 2113 1220 2190 bonam
1242 2118 1317 2216 ejus
1420 2167 1422 2174 ι

224 2255 350 2306 euram
366 2247 528 2334 gereret,
549 2230 598 2305 ab
615 2255 659 2306 eo
678 2245 801 2304 oratus
818 2244 910 2303 esset
927 2229 979 2328 (v.
999 2229 1089 2326 763)
1106 2257 1116 2300 ι

388 2417 504 2496 eripuit,
518 2409 633 2494 inquit,
648 2418 770 2495 προνοίας
784 2413 810 2491 γ’
823 2407 926 2486 οὕνεκ’,
939 2407 968 2468 οὒ
980 2403 1133 2490 δοθήσεται]

387 2509 454 2575 πλὴν
469 2515 513 2568 σοί
529 2532 559 2568 τε
578 2511 659 2589 κάμοί
668 2551 677 2582 ,

224 2695 305 2772 quae
321 2669 535 2746 Philoctetes
546 2667 618 2742 dici
632 2681 735 2767 putat
746 2682 921 2766 tanquam
931 2663 977 2738 ab
988 2665 1117 2754 amico,
1133 2660 1198 2763 qui
1209 2687 1314 2736 suum

224 2807 348 2858 arcum
365 2782 630 2884 religiosissimo
649 2777 830 2855 custodire
848 2777 956 2867 velit,
971 2802 1085 2878 quum
1098 2791 1315 2876 spectatores

223 2899 380 2970 sentiant
404 2895 683 2994 Neoptolemum
706 2892 880 2994 gaudere,
904 2889 1003 2991 quod
1024 2891 1186 2989 potiatur
1206 2914 1312 2979 arcu,

224 3035 290 3082 uec
307 3035 343 3082 se
360 3027 496 3082 temere
514 3036 632 3101 arma,
652 3002 783 3110 quibus
805 3005 852 3078 sit
869 3001 1019 3107 Trojam
1036 3017 1226 3103 capturus,
1252 2999 1312 3072 alii

223 3120 483 3220 permissurum
501 3119 634 3194 dicere.

271 3232 407 3306 Eadem
431 3232 664 3333 ambiguitate
695 3232 932 3330 proferuntur
960 3252 1083 3310 versus
1111 3227 1309 3301 rot-770:

223 3350 248 3422 ὦ
265 3357 346 3443 θεοί,
365 3354 481 3448 γένοιτο
497 3360 597 3422 ταῦτα
611 3363 682 3443 νῷν,
702 3360 789 3432 θνα,
807 3363 873 3418 neo
891 3367 966 3416 non
985 3340 1047 3414 ille
1068 3340 1121 3440 (ν.
1136 3337 1225 3436 801)
1236 3390 1247 3430 ,
1355 3371 1357 3374 ·

386 3515 424 3594 tl<
434 3531 463 3586 οὐ
475 3531 544 3608 θέμις
553 3529 580 3606 γ’
594 3529 702 3606 iporiam
714 3533 761 3586 tot
773 3528 859 3612 paleis
872 3529 934 3605 ἄτερ
945 3566 953 3597 ,
1074 3585 1080 3598 ,

221 3713 296 3788 quo
330 3685 588 3784 Neoptolemus
626 3682 869 3783 trepidantem
901 3681 1160 3770 Philoctetem,
1192 3702 1233 3750 ac
1266 3700 1312 3748 ne

220 3799 342 3875 morbi
362 3825 465 3874 causa
484 3796 654 3871 ininsula
681 3797 951 3896 relinqueretur
976 3808 1183 3882 verentem,
1207 3813 1311 3864 com-

219 3937 357 4012 ponere
371 3927 408 3984 et
424 3908 548 3984 sedare
571 3907 702 3982 studet.
722 3907 791 3982 Sed
815 3908 903 3981 dum
925 3905 1140 3981 Philoctetes
1159 3928 1242 3978 eum
1266 3897 1311 3972 de

218 4022 308 4098 honi
331 4023 400 4098 riri
424 4023 543 4098 officio
562 4021 663 4121 loqui
683 4035 804 4120 putat,
826 4021 888 4095 illc
907 4020 1096 4095 oraculum
1123 4018 1160 4090 in
1189 4026 1311 4086 mente

220 4135 350 4227 habet,
383 4132 482 4236 quod
509 4136 585 4210 sine
614 4133 779 4209 Herculis
810 4161 897 4210 arcu
920 4133 1068 4231 Trojam
1096 4153 1172 4206 non
1194 4149 1310 4224 expu-

221 4264 372 4350 gnatum
391 4248 437 4323 iri
452 4247 643 4324 cecinerat.
