<?xml version="1.0" encoding="UTF-8"?>
<!DOCTYPE html PUBLIC "-//W3C//DTD XHTML 1.0 Transitional//EN"
    "http://www.w3.org/TR/xhtml1/DTD/xhtml1-transitional.dtd">
<html xmlns="http://www.w3.org/1999/xhtml" xml:lang="en" lang="en">
 <head>
  <title>
</title>
<meta http-equiv="Content-Type" content="text/html;charset=utf-8" />
  <meta name='ocr-system' content='tesseract 3.04.00' />
  <meta name='ocr-capabilities' content='ocr_page ocr_carea ocr_par ocr_line ocrx_word'/>
</head>
<body>
  <div class='ocr_page' id='page_1' title='image "./desophocleaedic00benlgoog_0056.png"; bbox 0 0 2990 4804; ppageno 0'>
   <div class='ocr_carea' id='block_1_1' title="bbox 608 314 927 390">
    <p class='ocr_par' dir='ltr' id='par_1_1' title="bbox 608 314 927 390">
     <span class='ocr_line' id='line_1_1' title="bbox 608 314 927 390; baseline 0.013 -4"><span class='ocrx_word' id='word_1_1' title='bbox 608 314 808 386; x_wconf 73' lang='lat' dir='ltr'>-ll-</span> <span class='ocrx_word' id='word_1_2' title='bbox 923 380 927 390; x_wconf 92' lang='lat'>.</span> 
     </span>
    </p>
   </div>
   <div class='ocr_carea' id='block_1_2' title="bbox 49 405 1310 1228">
    <p class='ocr_par' dir='ltr' id='par_1_2' title="bbox 49 405 1253 1228">
     <span class='ocr_line' id='line_1_2' title="bbox 157 405 1252 580; baseline 0 -55"><span class='ocrx_word' id='word_1_3' title='bbox 157 447 478 543; x_wconf 75' lang='lat' dir='ltr'>v.352‚1’h11,·.v</span> <span class='ocrx_word' id='word_1_4' title='bbox 499 405 1020 580; x_wconf 51' lang='lat' dir='ltr'>263A,11tigss,v.tosst.tltec</span> <span class='ocrx_word' id='word_1_5' title='bbox 1038 475 1114 524; x_wconf 91' lang='lat' dir='ltr'>non</span> <span class='ocrx_word' id='word_1_6' title='bbox 1125 425 1252 525; x_wconf 87' lang='lat' dir='ltr'>exem-</span> 
     </span>
     <span class='ocr_line' id='line_1_3' title="bbox 156 529 1310 708; baseline 0.002 -72"><span class='ocrx_word' id='word_1_7' title='bbox 156 562 217 663; x_wconf 90' lang='lat' dir='ltr'>pla</span> <span class='ocrx_word' id='word_1_8' title='bbox 229 554 361 662; x_wconf 90' lang='lat' dir='ltr'>aliqua</span> <span class='ocrx_word' id='word_1_9' title='bbox 360 581 561 640; x_wconf 91' lang='lat' dir='ltr'>occurrunt</span> <span class='ocrx_word' id='word_1_10' title='bbox 573 565 803 694; x_wconf 81' lang='lat' dir='ltr'>pronominis</span> <span class='ocrx_word' id='word_1_11' title='bbox 816 563 1038 692; x_wconf 80' lang='lat' dir='ltr'>personalis</span> <span class='ocrx_word' id='word_1_12' title='bbox 1029 591 1066 636; x_wconf 85' lang='lat' dir='ltr'>tn</span> <span class='ocrx_word' id='word_1_13' title='bbox 1078 561 1151 637; x_wconf 86' lang='lat' dir='ltr'>fine</span> <span class='ocrx_word' id='word_1_14' title='bbox 1167 529 1310 708; x_wconf 33' lang='grc' dir='ltr'>(πρ-0</span> 
     </span>
     <span class='ocr_line' id='line_1_4' title="bbox 49 674 1251 780; baseline 0.002 -32"><span class='ocrx_word' id='word_1_15' title='bbox 49 721 55 731; x_wconf 91' lang='grc'><strong>-</strong></span> <span class='ocrx_word' id='word_1_16' title='bbox 156 676 344 776; x_wconf 80' lang='lat' dir='ltr'>positionis</span> <span class='ocrx_word' id='word_1_17' title='bbox 368 691 406 748; x_wconf 89' lang='lat' dir='ltr'>et</span> <span class='ocrx_word' id='word_1_18' title='bbox 424 704 462 753; x_wconf 88' lang='lat' dir='ltr'>m</span> <span class='ocrx_word' id='word_1_19' title='bbox 482 703 606 752; x_wconf 87' lang='lat' dir='ltr'>versus</span> <span class='ocrx_word' id='word_1_20' title='bbox 625 679 729 751; x_wconf 78' lang='lat' dir='ltr'>mitro</span> <span class='ocrx_word' id='word_1_21' title='bbox 747 693 874 776; x_wconf 78' lang='lat' dir='ltr'>positi</span> <span class='ocrx_word' id='word_1_22' title='bbox 896 674 954 776; x_wconf 85' lang='lat' dir='ltr'>Aj.</span> <span class='ocrx_word' id='word_1_23' title='bbox 975 678 1075 750; x_wconf 77' lang='grc' dir='ltr'>544ε</span> <span class='ocrx_word' id='word_1_24' title='bbox 1095 685 1171 772; x_wconf 84' lang='grc' dir='ltr'>Εμοι</span> <span class='ocrx_word' id='word_1_25' title='bbox 1190 711 1251 780; x_wconf 86' lang='grc' dir='ltr'>γαρ</span> 
     </span>
     <span class='ocr_line' id='line_1_5' title="bbox 158 788 1247 887; baseline 0 -24"><span class='ocrx_word' id='word_1_26' title='bbox 158 795 256 863; x_wconf 83' lang='grc' dir='ltr'>οὐκέτ’</span> <span class='ocrx_word' id='word_1_27' title='bbox 287 799 366 862; x_wconf 87' lang='grc' dir='ltr'>εστιν</span> <span class='ocrx_word' id='word_1_28' title='bbox 384 797 510 874; x_wconf 87' lang='grc' dir='ltr'>ειςοτι</span> <span class='ocrx_word' id='word_1_29' title='bbox 539 797 662 886; x_wconf 81' lang='grc' dir='ltr'><strong>βλέπω,</strong></span> <span class='ocrx_word' id='word_1_30' title='bbox 689 798 786 870; x_wconf 76' lang='grc' dir='ltr'>Πλὴν</span> <span class='ocrx_word' id='word_1_31' title='bbox 814 802 891 863; x_wconf 80' lang='grc' dir='ltr'>σοῦ.</span> <span class='ocrx_word' id='word_1_32' title='bbox 922 788 1128 887; x_wconf 76' lang='lat' dir='ltr'>hntlg..,t⁷</span> <span class='ocrx_word' id='word_1_33' title='bbox 1157 791 1247 864; x_wconf 86' lang='grc'>234·</span> 
     </span>
     <span class='ocr_line' id='line_1_6' title="bbox 157 900 1247 1004; baseline 0 -30"><span class='ocrx_word' id='word_1_34' title='bbox 157 907 247 984; x_wconf 86' lang='grc' dir='ltr'>Τέλος</span> <span class='ocrx_word' id='word_1_35' title='bbox 270 933 305 1000; x_wconf 88' lang='grc' dir='ltr'>γε</span> <span class='ocrx_word' id='word_1_36' title='bbox 330 909 430 998; x_wconf 83' lang='grc' dir='ltr'>μέντοι</span> <span class='ocrx_word' id='word_1_37' title='bbox 457 906 539 1004; x_wconf 79' lang='grc' dir='ltr'>δεῦρ’</span> <span class='ocrx_word' id='word_1_38' title='bbox 569 911 703 984; x_wconf 77' lang='grc' dir='ltr'>ἐνίκησεν</span> <span class='ocrx_word' id='word_1_39' title='bbox 722 910 823 999; x_wconf 79' lang='grc' dir='ltr'>μολεῖν</span> <span class='ocrx_word' id='word_1_40' title='bbox 842 911 908 974; x_wconf 81' lang='grc' dir='ltr'>Σοί.</span> <span class='ocrx_word' id='word_1_41' title='bbox 938 900 1049 988; x_wconf 65' lang='lat' dir='ltr'>Phil„</span> <span class='ocrx_word' id='word_1_42' title='bbox 1069 926 1105 973; x_wconf 88' lang='lat' dir='ltr'>v.</span> <span class='ocrx_word' id='word_1_43' title='bbox 1134 907 1247 977; x_wconf 80' lang='lat' dir='ltr'>l052:</span> 
     </span>
     <span class='ocr_line' id='line_1_7' title="bbox 157 1011 1251 1116; baseline 0.003 -32"><span class='ocrx_word' id='word_1_44' title='bbox 157 1025 255 1106; x_wconf 78' lang='grc' dir='ltr'>Νικᾴν</span> <span class='ocrx_word' id='word_1_45' title='bbox 270 1046 305 1113; x_wconf 90' lang='grc' dir='ltr'>γε</span> <span class='ocrx_word' id='word_1_46' title='bbox 318 1022 417 1110; x_wconf 87' lang='grc' dir='ltr'>μέντοι</span> <span class='ocrx_word' id='word_1_47' title='bbox 434 1029 595 1113; x_wconf 79' lang='grc' dir='ltr'><strong>πανταχοῦ</strong></span> <span class='ocrx_word' id='word_1_48' title='bbox 608 1027 729 1116; x_wconf 79' lang='grc' dir='ltr'><strong>χρῄζων</strong></span> <span class='ocrx_word' id='word_1_49' title='bbox 743 1026 813 1115; x_wconf 80' lang='grc' dir='ltr'>ἔφυν</span> <span class='ocrx_word' id='word_1_50' title='bbox 830 1022 924 1095; x_wconf 77' lang='grc' dir='ltr'>Πλὴν</span> <span class='ocrx_word' id='word_1_51' title='bbox 943 1021 978 1098; x_wconf 81' lang='grc' dir='ltr'>ἐς</span> <span class='ocrx_word' id='word_1_52' title='bbox 996 1020 1048 1107; x_wconf 79' lang='grc' dir='ltr'>σε’,</span> <span class='ocrx_word' id='word_1_53' title='bbox 1066 1013 1103 1086; x_wconf 86' lang='lat' dir='ltr'>in</span> <span class='ocrx_word' id='word_1_54' title='bbox 1121 1011 1251 1113; x_wconf 85' lang='lat' dir='ltr'>qulbus</span> 
     </span>
     <span class='ocr_line' id='line_1_8' title="bbox 158 1123 1202 1228; baseline 0.004 -32"><span class='ocrx_word' id='word_1_55' title='bbox 158 1123 353 1200; x_wconf 83' lang='lat' dir='ltr'>verborum</span> <span class='ocrx_word' id='word_1_56' title='bbox 365 1128 604 1202; x_wconf 83' lang='lat' dir='ltr'>collocatione</span> <span class='ocrx_word' id='word_1_57' title='bbox 617 1154 746 1228; x_wconf 80' lang='lat' dir='ltr'>magna</span> <span class='ocrx_word' id='word_1_58' title='bbox 761 1128 812 1201; x_wconf 89' lang='lat' dir='ltr'>vis</span> <span class='ocrx_word' id='word_1_59' title='bbox 821 1127 1032 1226; x_wconf 84' lang='lat' dir='ltr'>pronomini</span> <span class='ocrx_word' id='word_1_60' title='bbox 1045 1125 1202 1201; x_wconf 82' lang='lat' dir='ltr'>additur.</span> 
     </span>
    </p>
   </div>
   <div class='ocr_carea' id='block_1_3' title="bbox 283 1275 1149 1377">
    <p class='ocr_par' dir='ltr' id='par_1_3' title="bbox 283 1275 1149 1377">
     <span class='ocr_line' id='line_1_9' title="bbox 283 1275 1149 1377; baseline -0.002 -23"><span class='ocrx_word' id='word_1_61' title='bbox 283 1283 426 1376; x_wconf 64' lang='lat' dir='ltr'>§thou</span> <span class='ocrx_word' id='word_1_62' title='bbox 443 1305 721 1355; x_wconf 78' lang='lat' dir='ltr'>coust&#39;ttttcrtotttt</span> <span class='ocrx_word' id='word_1_63' title='bbox 740 1289 871 1355; x_wconf 82' lang='grc' dir='ltr'>κατὰτὸ</span> <span class='ocrx_word' id='word_1_64' title='bbox 888 1288 1119 1377; x_wconf 78' lang='grc' dir='ltr'>σημαινόμενον.</span> <span class='ocrx_word' id='word_1_65' title='bbox 1143 1275 1149 1292; x_wconf 77' lang='grc'><em>’</em></span> 
     </span>
    </p>
   </div>
   <div class='ocr_carea' id='block_1_4' title="bbox 157 1411 1254 2074">
    <p class='ocr_par' dir='ltr' id='par_1_4' title="bbox 157 1411 1254 2074">
     <span class='ocr_line' id='line_1_10' title="bbox 208 1411 1252 1516; baseline 0.003 -32"><span class='ocrx_word' id='word_1_66' title='bbox 208 1411 325 1505; x_wconf 81' lang='lat' dir='ltr'>Quum</span> <span class='ocrx_word' id='word_1_67' title='bbox 341 1411 445 1486; x_wconf 82' lang='lat' dir='ltr'>docta</span> <span class='ocrx_word' id='word_1_68' title='bbox 464 1411 652 1516; x_wconf 87' lang='lat' dir='ltr'>Sophoclis</span> <span class='ocrx_word' id='word_1_69' title='bbox 672 1440 729 1485; x_wconf 92' lang='lat' dir='ltr'>ars</span> <span class='ocrx_word' id='word_1_70' title='bbox 751 1413 984 1496; x_wconf 85' lang='lat' dir='ltr'>insolentiora</span> <span class='ocrx_word' id='word_1_71' title='bbox 1002 1427 1162 1513; x_wconf 82' lang='lat' dir='ltr'>quaerat,</span> <span class='ocrx_word' id='word_1_72' title='bbox 1186 1438 1252 1487; x_wconf 85' lang='lat' dir='ltr'>ra-</span> 
     </span>
     <span class='ocr_line' id='line_1_11' title="bbox 158 1525 1252 1628; baseline 0.005 -32"><span class='ocrx_word' id='word_1_73' title='bbox 158 1525 255 1597; x_wconf 91' lang='lat' dir='ltr'>riora</span> <span class='ocrx_word' id='word_1_74' title='bbox 294 1525 515 1625; x_wconf 77' lang='lat' dir='ltr'>pervulgatis</span> <span class='ocrx_word' id='word_1_75' title='bbox 550 1525 742 1625; x_wconf 68' lang='lat' dir='ltr'>praelerat,</span> <span class='ocrx_word' id='word_1_76' title='bbox 777 1525 1108 1618; x_wconf 86' lang='lat' dir='ltr'>constructionem,</span> <span class='ocrx_word' id='word_1_77' title='bbox 1141 1554 1252 1628; x_wconf 85' lang='lat' dir='ltr'>quam</span> 
     </span>
     <span class='ocr_line' id='line_1_12' title="bbox 158 1582 1249 1737; baseline 0.004 -29"><span class='ocrx_word' id='word_1_78' title='bbox 158 1647 237 1710; x_wconf 80' lang='grc' dir='ltr'>κατὰ</span> <span class='ocrx_word' id='word_1_79' title='bbox 264 1646 299 1710; x_wconf 86' lang='grc' dir='ltr'>τὸ</span> <span class='ocrx_word' id='word_1_80' title='bbox 334 1649 551 1737; x_wconf 79' lang='grc' dir='ltr'>σημαινόμενον</span> <span class='ocrx_word' id='word_1_81' title='bbox 580 1655 730 1736; x_wconf 82' lang='lat' dir='ltr'>vocant,</span> <span class='ocrx_word' id='word_1_82' title='bbox 760 1639 791 1711; x_wconf 89' lang='lat' dir='ltr'>ei</span> <span class='ocrx_word' id='word_1_83' title='bbox 821 1582 1133 1710; x_wconf 70' lang='lat' dir='ltr'>familiarissimam</span> <span class='ocrx_word' id='word_1_84' title='bbox 1158 1663 1249 1729; x_wconf 87' lang='lat' dir='ltr'>esse,</span> 
     </span>
     <span class='ocr_line' id='line_1_13' title="bbox 157 1721 1254 1851; baseline 0.005 -32"><span class='ocrx_word' id='word_1_85' title='bbox 157 1751 341 1822; x_wconf 89' lang='lat' dir='ltr'>neminem</span> <span class='ocrx_word' id='word_1_86' title='bbox 356 1751 490 1824; x_wconf 85' lang='lat' dir='ltr'>mirum</span> <span class='ocrx_word' id='word_1_87' title='bbox 502 1721 662 1824; x_wconf 87' lang='lat' dir='ltr'>habebit.</span> <span class='ocrx_word' id='word_1_88' title='bbox 677 1751 748 1838; x_wconf 76' lang='lat' dir='ltr'>Sic,</span> <span class='ocrx_word' id='word_1_89' title='bbox 758 1775 872 1851; x_wconf 92' lang='lat' dir='ltr'>quum</span> <span class='ocrx_word' id='word_1_90' title='bbox 887 1750 1073 1823; x_wconf 85' lang='lat' dir='ltr'>idiotismo</span> <span class='ocrx_word' id='word_1_91' title='bbox 1085 1747 1254 1824; x_wconf 85' lang='lat' dir='ltr'>omnibus</span> 
     </span>
     <span class='ocr_line' id='line_1_14' title="bbox 158 1859 1250 1961; baseline 0 -27"><span class='ocrx_word' id='word_1_92' title='bbox 158 1875 192 1934; x_wconf 89' lang='lat' dir='ltr'>et</span> <span class='ocrx_word' id='word_1_93' title='bbox 216 1861 281 1960; x_wconf 82' lang='lat' dir='ltr'>ipsi</span> <span class='ocrx_word' id='word_1_94' title='bbox 273 1859 472 1961; x_wconf 87' lang='lat' dir='ltr'>Sophocli</span> <span class='ocrx_word' id='word_1_95' title='bbox 499 1863 631 1935; x_wconf 85' lang='lat' dir='ltr'>usitato</span> <span class='ocrx_word' id='word_1_96' title='bbox 651 1859 792 1934; x_wconf 88' lang='lat' dir='ltr'>dicutur</span> <span class='ocrx_word' id='word_1_97' title='bbox 810 1869 949 1941; x_wconf 79' lang='grc' dir='ltr'>τελευτὴν</span> <span class='ocrx_word' id='word_1_98' title='bbox 967 1871 1062 1936; x_wconf 85' lang='grc' dir='ltr'>τελεῖν</span> <span class='ocrx_word' id='word_1_99' title='bbox 1079 1864 1152 1958; x_wconf 86' lang='lat' dir='ltr'>(Tr</span> <span class='ocrx_word' id='word_1_100' title='bbox 1154 1862 1250 1956; x_wconf 87' lang='lat' dir='ltr'>ach</span> 
     </span>
     <span class='ocr_line' id='line_1_15' title="bbox 158 1971 1251 2074; baseline 0.001 -29"><span class='ocrx_word' id='word_1_101' title='bbox 158 2000 193 2046; x_wconf 87' lang='lat' dir='ltr'>v.</span> <span class='ocrx_word' id='word_1_102' title='bbox 206 1975 283 2070; x_wconf 87' lang='grc'>79),</span> <span class='ocrx_word' id='word_1_103' title='bbox 294 1973 586 2074; x_wconf 77' lang='grc' dir='ltr'>(μιυιιόοτελευτήν</span> <span class='ocrx_word' id='word_1_104' title='bbox 598 1973 832 2074; x_wconf 85' lang='lat' dir='ltr'>exspectabis,</span> <span class='ocrx_word' id='word_1_105' title='bbox 848 1971 1024 2047; x_wconf 89' lang='lat' dir='ltr'>subinde</span> <span class='ocrx_word' id='word_1_106' title='bbox 1016 2002 1051 2046; x_wconf 86' lang='lat' dir='ltr'>tn</span> <span class='ocrx_word' id='word_1_107' title='bbox 1066 1975 1174 2048; x_wconf 93' lang='grc' dir='ltr'>λύσιν</span> <span class='ocrx_word' id='word_1_108' title='bbox 1165 1975 1251 2048; x_wconf 78' lang='lat' dir='ltr'>inci·</span> 
     </span>
    </p>
   </div>
   <div class='ocr_carea' id='block_1_5' title="bbox 157 2077 1254 2411">
    <p class='ocr_par' dir='ltr' id='par_1_5' title="bbox 157 2077 1254 2411">
     <span class='ocr_line' id='line_1_16' title="bbox 158 2077 1252 2186; baseline 0.001 -26"><span class='ocrx_word' id='word_1_109' title='bbox 158 2085 233 2175; x_wconf 74' lang='lat' dir='ltr'>deS,</span> <span class='ocrx_word' id='word_1_110' title='bbox 250 2089 315 2159; x_wconf 87' lang='lat' dir='ltr'>Tr.</span> <span class='ocrx_word' id='word_1_111' title='bbox 334 2112 369 2158; x_wconf 88' lang='lat' dir='ltr'><strong>v</strong></span> <span class='ocrx_word' id='word_1_112' title='bbox 393 2092 513 2163; x_wconf 91' lang='grc'>4470·</span> <span class='ocrx_word' id='word_1_113' title='bbox 505 2097 646 2186; x_wconf 85' lang='grc' dir='ltr'>.ἔ(ρασκε</span> <span class='ocrx_word' id='word_1_114' title='bbox 668 2095 792 2185; x_wconf 86' lang='grc' dir='ltr'>μόχθων</span> <span class='ocrx_word' id='word_1_115' title='bbox 813 2101 872 2160; x_wconf 87' lang='grc' dir='ltr'>τῶν</span> <span class='ocrx_word' id='word_1_116' title='bbox 892 2093 1065 2186; x_wconf 83' lang='grc' dir='ltr'>ἐφεστώτων</span> <span class='ocrx_word' id='word_1_117' title='bbox 1083 2093 1149 2184; x_wconf 89' lang='grc' dir='ltr'>ε’μοι</span> <span class='ocrx_word' id='word_1_118' title='bbox 1139 2077 1252 2162; x_wconf 89' lang='grc' dir='ltr'>λύσιν</span> 
     </span>
     <span class='ocr_line' id='line_1_17' title="bbox 157 2199 1254 2300; baseline 0.002 -28"><span class='ocrx_word' id='word_1_119' title='bbox 157 2207 271 2274; x_wconf 84' lang='grc' dir='ltr'>τελεῖσθ</span> <span class='ocrx_word' id='word_1_120' title='bbox 274 2230 332 2273; x_wconf 84' lang='lat' dir='ltr'>ou:</span> <span class='ocrx_word' id='word_1_121' title='bbox 353 2213 389 2270; x_wconf 82' lang='lat' dir='ltr'>et</span> <span class='ocrx_word' id='word_1_122' title='bbox 405 2200 580 2298; x_wconf 83' lang='lat' dir='ltr'>quonlam</span> <span class='ocrx_word' id='word_1_123' title='bbox 600 2201 683 2271; x_wconf 82' lang='lat' dir='ltr'>ltlla</span> <span class='ocrx_word' id='word_1_124' title='bbox 700 2199 837 2273; x_wconf 86' lang='lat' dir='ltr'>locullo</span> <span class='ocrx_word' id='word_1_125' title='bbox 852 2215 905 2272; x_wconf 77' lang='lat' dir='ltr'>est</span> <span class='ocrx_word' id='word_1_126' title='bbox 923 2209 1014 2300; x_wconf 80' lang='grc' dir='ltr'>χάριν</span> <span class='ocrx_word' id='word_1_127' title='bbox 1025 2200 1175 2292; x_wconf 78' lang='grc' dir='ltr'>εἰδέναι,</span> <span class='ocrx_word' id='word_1_128' title='bbox 1167 2214 1254 2274; x_wconf 83' lang='lat' dir='ltr'>tlem</span> 
     </span>
     <span class='ocr_line' id='line_1_18' title="bbox 159 2303 1250 2411; baseline 0 -27"><span class='ocrx_word' id='word_1_129' title='bbox 159 2319 370 2411; x_wconf 77' lang='grc' dir='ltr'>ἀγνωμοσύνην</span> <span class='ocrx_word' id='word_1_130' title='bbox 383 2315 494 2384; x_wconf 79' lang='grc' dir='ltr'>εἰδέναι</span> <span class='ocrx_word' id='word_1_131' title='bbox 515 2309 620 2381; x_wconf 83' lang='lat' dir='ltr'>finxit</span> <span class='ocrx_word' id='word_1_132' title='bbox 632 2310 826 2408; x_wconf 89' lang='lat' dir='ltr'>Sophocles</span> <span class='ocrx_word' id='word_1_133' title='bbox 839 2303 919 2408; x_wconf 78' lang='lat' dir='ltr'>(Tr.</span> <span class='ocrx_word' id='word_1_134' title='bbox 926 2364 937 2397; x_wconf 92' lang='lat'>‚</span> <span class='ocrx_word' id='word_1_135' title='bbox 951 2337 987 2383; x_wconf 86' lang='lat' dir='ltr'>v.</span> <span class='ocrx_word' id='word_1_136' title='bbox 1006 2311 1140 2384; x_wconf 66' lang='lat' dir='ltr'>two-t</span> <span class='ocrx_word' id='word_1_137' title='bbox 1150 2313 1250 2406; x_wconf 88' lang='grc'>267).</span> 
     </span>
    </p>
   </div>
   <div class='ocr_carea' id='block_1_6' title="bbox 157 2419 1291 3984">
    <p class='ocr_par' dir='ltr' id='par_1_6' title="bbox 157 2419 1291 3423">
     <span class='ocr_line' id='line_1_19' title="bbox 158 2419 1291 2523; baseline 0.001 -28"><span class='ocrx_word' id='word_1_138' title='bbox 158 2423 277 2518; x_wconf 89' lang='lat' dir='ltr'>Quum</span> <span class='ocrx_word' id='word_1_139' title='bbox 300 2423 483 2496; x_wconf 88' lang='lat' dir='ltr'>Menelaus</span> <span class='ocrx_word' id='word_1_140' title='bbox 501 2420 546 2495; x_wconf 90' lang='lat' dir='ltr'>de</span> <span class='ocrx_word' id='word_1_141' title='bbox 568 2421 685 2522; x_wconf 86' lang='lat' dir='ltr'>Ajacis</span> <span class='ocrx_word' id='word_1_142' title='bbox 704 2439 801 2495; x_wconf 88' lang='lat' dir='ltr'>sorte</span> <span class='ocrx_word' id='word_1_143' title='bbox 817 2419 928 2493; x_wconf 87' lang='lat' dir='ltr'>verba</span> <span class='ocrx_word' id='word_1_144' title='bbox 945 2421 1031 2494; x_wconf 84' lang='lat' dir='ltr'>lacit</span> <span class='ocrx_word' id='word_1_145' title='bbox 1048 2420 1125 2494; x_wconf 88' lang='lat' dir='ltr'>haec</span> <span class='ocrx_word' id='word_1_146' title='bbox 1141 2451 1150 2492; x_wconf 82' lang='grc' dir='ltr'>ι</span> <span class='ocrx_word' id='word_1_147' title='bbox 1167 2432 1254 2518; x_wconf 77' lang='grc' dir='ltr'>ἡμεῖς</span> <span class='ocrx_word' id='word_1_148' title='bbox 1287 2517 1291 2523; x_wconf 23' lang='grc' dir='ltr'>Ι</span> 
     </span>
     <span class='ocr_line' id='line_1_20' title="bbox 158 2533 1255 2635; baseline -0.001 -26"><span class='ocrx_word' id='word_1_149' title='bbox 158 2543 211 2633; x_wconf 83' lang='grc' dir='ltr'>μὲν</span> <span class='ocrx_word' id='word_1_150' title='bbox 231 2545 267 2609; x_wconf 83' lang='grc' dir='ltr'>ἂν</span> <span class='ocrx_word' id='word_1_151' title='bbox 286 2540 384 2632; x_wconf 72' lang='grc' dir='ltr'>τήνδ’,</span> <span class='ocrx_word' id='word_1_152' title='bbox 407 2545 443 2616; x_wconf 80' lang='grc' dir='ltr'>ἣν</span> <span class='ocrx_word' id='word_1_153' title='bbox 463 2539 510 2609; x_wconf 80' lang='lat' dir='ltr'>at’</span> <span class='ocrx_word' id='word_1_154' title='bbox 526 2545 644 2635; x_wconf 77' lang='grc' dir='ltr'>εἴληχεν</span> <span class='ocrx_word' id='word_1_155' title='bbox 657 2541 771 2634; x_wconf 82' lang='grc' dir='ltr'>τύχην,</span> <span class='ocrx_word' id='word_1_156' title='bbox 791 2533 1014 2634; x_wconf 89' lang='lat' dir='ltr'>Sophoclem</span> <span class='ocrx_word' id='word_1_157' title='bbox 1030 2559 1138 2608; x_wconf 87' lang='lat' dir='ltr'>versu</span> <span class='ocrx_word' id='word_1_158' title='bbox 1157 2533 1255 2608; x_wconf 89' lang='lat' dir='ltr'>insc-</span> 
     </span>
     <span class='ocr_line' id='line_1_21' title="bbox 159 2646 1254 2750; baseline 0.005 -30"><span class='ocrx_word' id='word_1_159' title='bbox 159 2665 291 2750; x_wconf 90' lang='lat' dir='ltr'>quente</span> <span class='ocrx_word' id='word_1_160' title='bbox 310 2656 459 2746; x_wconf 79' lang='grc' dir='ltr'>ἐλάχομεν</span> <span class='ocrx_word' id='word_1_161' title='bbox 478 2649 681 2748; x_wconf 90' lang='lat' dir='ltr'>positurum</span> <span class='ocrx_word' id='word_1_162' title='bbox 698 2675 772 2722; x_wconf 89' lang='lat' dir='ltr'>esse</span> <span class='ocrx_word' id='word_1_163' title='bbox 790 2675 929 2750; x_wconf 87' lang='lat' dir='ltr'>speras,</span> <span class='ocrx_word' id='word_1_164' title='bbox 949 2646 1008 2722; x_wconf 90' lang='lat' dir='ltr'>sed</span> <span class='ocrx_word' id='word_1_165' title='bbox 1026 2648 1131 2722; x_wconf 85' lang='lat' dir='ltr'>aliter</span> <span class='ocrx_word' id='word_1_166' title='bbox 1146 2646 1193 2720; x_wconf 87' lang='lat' dir='ltr'>ab</span> <span class='ocrx_word' id='word_1_167' title='bbox 1211 2675 1254 2725; x_wconf 91' lang='lat' dir='ltr'>eo</span> 
     </span>
     <span class='ocr_line' id='line_1_22' title="bbox 160 2763 1250 2862; baseline -0.002 -26"><span class='ocrx_word' id='word_1_168' title='bbox 160 2763 393 2836; x_wconf 80' lang='lat' dir='ltr'>continuatur</span> <span class='ocrx_word' id='word_1_169' title='bbox 405 2763 524 2837; x_wconf 85' lang='lat' dir='ltr'>oratio</span> <span class='ocrx_word' id='word_1_170' title='bbox 541 2791 550 2834; x_wconf 78' lang='lat' dir='ltr'>t</span> <span class='ocrx_word' id='word_1_171' title='bbox 568 2772 705 2846; x_wconf 85' lang='grc' dir='ltr'>θανόντες</span> <span class='ocrx_word' id='word_1_172' title='bbox 722 2772 759 2834; x_wconf 88' lang='grc' dir='ltr'>όιν</span> <span class='ocrx_word' id='word_1_173' title='bbox 776 2769 968 2862; x_wconf 74' lang='grc' dir='ltr'>προύκείμεθ</span> <span class='ocrx_word' id='word_1_174' title='bbox 984 2772 1136 2857; x_wconf 82' lang='grc' dir='ltr'>αἰσχίστῳ</span> <span class='ocrx_word' id='word_1_175' title='bbox 1153 2771 1250 2862; x_wconf 84' lang='grc' dir='ltr'>μόρῳ.</span> 
     </span>
     <span class='ocr_line' id='line_1_23' title="bbox 157 2875 1253 2972; baseline 0 -25"><span class='ocrx_word' id='word_1_176' title='bbox 157 2876 294 2948; x_wconf 83' lang='lat' dir='ltr'>Slmllla</span> <span class='ocrx_word' id='word_1_177' title='bbox 307 2890 391 2946; x_wconf 83' lang='lat' dir='ltr'>sunl</span> <span class='ocrx_word' id='word_1_178' title='bbox 404 2875 469 2948; x_wconf 84' lang='lat' dir='ltr'>Tr.</span> <span class='ocrx_word' id='word_1_179' title='bbox 489 2901 526 2946; x_wconf 84' lang='lat' dir='ltr'>v.</span> <span class='ocrx_word' id='word_1_180' title='bbox 544 2876 615 2947; x_wconf 87' lang='grc'>455</span> <span class='ocrx_word' id='word_1_181' title='bbox 634 2903 644 2944; x_wconf 87' lang='lat'>:</span> <span class='ocrx_word' id='word_1_182' title='bbox 661 2881 741 2958; x_wconf 80' lang='grc' dir='ltr'>ὅπως</span> <span class='ocrx_word' id='word_1_183' title='bbox 760 2877 793 2946; x_wconf 80' lang='grc' dir='ltr'>δὲ</span> <span class='ocrx_word' id='word_1_184' title='bbox 814 2881 930 2965; x_wconf 82' lang='grc' dir='ltr'>λήσεις,</span> <span class='ocrx_word' id='word_1_185' title='bbox 951 2875 1020 2946; x_wconf 77' lang='grc' dir='ltr'>οὐδὲ</span> <span class='ocrx_word' id='word_1_186' title='bbox 1040 2884 1127 2944; x_wconf 83' lang='grc' dir='ltr'>τοῦτο</span> <span class='ocrx_word' id='word_1_187' title='bbox 1144 2882 1253 2972; x_wconf 81' lang='grc' dir='ltr'>γίγνε-</span> 
     </span>
     <span class='ocr_line' id='line_1_24' title="bbox 157 2983 1252 3088; baseline -0.001 -28"><span class='ocrx_word' id='word_1_188' title='bbox 157 3021 222 3079; x_wconf 91' lang='grc' dir='ltr'>ται,</span> <span class='ocrx_word' id='word_1_189' title='bbox 235 2985 298 3058; x_wconf 91' lang='lat' dir='ltr'>ubi</span> <span class='ocrx_word' id='word_1_190' title='bbox 314 2987 350 3059; x_wconf 90' lang='lat' dir='ltr'>in</span> <span class='ocrx_word' id='word_1_191' title='bbox 361 2984 476 3059; x_wconf 79' lang='lat' dir='ltr'>verbo</span> <span class='ocrx_word' id='word_1_192' title='bbox 488 2996 624 3088; x_wconf 79' lang='grc' dir='ltr'>γίγνεται</span> <span class='ocrx_word' id='word_1_193' title='bbox 639 2985 726 3058; x_wconf 87' lang='lat' dir='ltr'>latet</span> <span class='ocrx_word' id='word_1_194' title='bbox 737 2983 890 3057; x_wconf 86' lang='lat' dir='ltr'>verbum</span> <span class='ocrx_word' id='word_1_195' title='bbox 904 2983 1067 3056; x_wconf 85' lang='lat' dir='ltr'>curandi.</span> <span class='ocrx_word' id='word_1_196' title='bbox 1081 2983 1252 3082; x_wconf 87' lang='lat' dir='ltr'>Ejusdem</span> 
     </span>
     <span class='ocr_line' id='line_1_25' title="bbox 157 3094 1253 3186; baseline 0.002 -15"><span class='ocrx_word' id='word_1_197' title='bbox 157 3096 262 3171; x_wconf 86' lang='lat' dir='ltr'>verbi</span> <span class='ocrx_word' id='word_1_198' title='bbox 282 3097 468 3170; x_wconf 88' lang='lat' dir='ltr'>notionem</span> <span class='ocrx_word' id='word_1_199' title='bbox 496 3095 687 3169; x_wconf 84' lang='lat' dir='ltr'>subaudire</span> <span class='ocrx_word' id='word_1_200' title='bbox 712 3094 859 3168; x_wconf 90' lang='lat' dir='ltr'>debebis</span> <span class='ocrx_word' id='word_1_201' title='bbox 884 3095 922 3169; x_wconf 91' lang='lat' dir='ltr'>in</span> <span class='ocrx_word' id='word_1_202' title='bbox 951 3097 1031 3168; x_wconf 88' lang='lat' dir='ltr'>his:</span> <span class='ocrx_word' id='word_1_203' title='bbox 1052 3098 1099 3170; x_wconf 84' lang='grc' dir='ltr'>δεῖ</span> <span class='ocrx_word' id='word_1_204' title='bbox 1120 3104 1150 3172; x_wconf 89' lang='grc' dir='ltr'>σ’</span> <span class='ocrx_word' id='word_1_205' title='bbox 1172 3103 1253 3186; x_wconf 84' lang='grc' dir='ltr'><strong><em>ὅπως</em></strong></span> 
     </span>
     <span class='ocr_line' id='line_1_26' title="bbox 158 3207 1248 3311; baseline 0.001 -29"><span class='ocrx_word' id='word_1_206' title='bbox 158 3209 242 3310; x_wconf 76' lang='grc' dir='ltr'>(Α).</span> <span class='ocrx_word' id='word_1_207' title='bbox 263 3236 298 3282; x_wconf 88' lang='lat' dir='ltr'>v.</span> <span class='ocrx_word' id='word_1_208' title='bbox 321 3213 416 3297; x_wconf 88' lang='lat'><strong>553,</strong></span> <span class='ocrx_word' id='word_1_209' title='bbox 443 3207 537 3280; x_wconf 82' lang='lat' dir='ltr'>Phil.</span> <span class='ocrx_word' id='word_1_210' title='bbox 557 3236 593 3280; x_wconf 90' lang='lat' dir='ltr'>v.</span> <span class='ocrx_word' id='word_1_211' title='bbox 616 3210 708 3309; x_wconf 87' lang='lat'>55),</span> <span class='ocrx_word' id='word_1_212' title='bbox 736 3221 828 3311; x_wconf 80' lang='grc' dir='ltr'>χάριν</span> <span class='ocrx_word' id='word_1_213' title='bbox 854 3218 1007 3310; x_wconf 87' lang='grc' dir='ltr'>πρόσθες,</span> <span class='ocrx_word' id='word_1_214' title='bbox 1027 3217 1068 3293; x_wconf 87' lang='grc' dir='ltr'>ὡς</span> <span class='ocrx_word' id='word_1_215' title='bbox 1091 3209 1248 3306; x_wconf 82' lang='lat' dir='ltr'>(Trach.</span> 
     </span>
     <span class='ocr_line' id='line_1_27' title="bbox 157 3318 1016 3423; baseline -0.007 -26"><span class='ocrx_word' id='word_1_216' title='bbox 157 3351 193 3396; x_wconf 86' lang='lat' dir='ltr'>v.</span> <span class='ocrx_word' id='word_1_217' title='bbox 213 3324 348 3422; x_wconf 87' lang='grc'>4247),</span> <span class='ocrx_word' id='word_1_218' title='bbox 369 3331 448 3396; x_wconf 75' lang='grc' dir='ltr'>αὐτὰ</span> <span class='ocrx_word' id='word_1_219' title='bbox 464 3335 563 3396; x_wconf 84' lang='grc' dir='ltr'>ταῦτα</span> <span class='ocrx_word' id='word_1_220' title='bbox 574 3334 702 3423; x_wconf 88' lang='grc' dir='ltr'>πράσσω</span> <span class='ocrx_word' id='word_1_221' title='bbox 716 3331 797 3408; x_wconf 83' lang='grc' dir='ltr'>ὅπως</span> <span class='ocrx_word' id='word_1_222' title='bbox 814 3322 829 3420; x_wconf 94' lang='grc'>(</span> <span class='ocrx_word' id='word_1_223' title='bbox 836 3318 885 3392; x_wconf 87' lang='lat' dir='ltr'>ib.</span> <span class='ocrx_word' id='word_1_224' title='bbox 908 3319 1016 3418; x_wconf 87' lang='grc'>500).</span> 
     </span>
    </p>

    <p class='ocr_par' dir='ltr' id='par_1_7' title="bbox 157 3428 1252 3984">
     <span class='ocr_line' id='line_1_28' title="bbox 205 3428 1249 3534; baseline 0 -28"><span class='ocrx_word' id='word_1_225' title='bbox 205 3435 272 3507; x_wconf 92' lang='lat' dir='ltr'>Sed</span> <span class='ocrx_word' id='word_1_226' title='bbox 282 3435 580 3534; x_wconf 79' lang='lat' dir='ltr'>frequentissimae</span> <span class='ocrx_word' id='word_1_227' title='bbox 595 3451 680 3508; x_wconf 91' lang='lat' dir='ltr'>sunt</span> <span class='ocrx_word' id='word_1_228' title='bbox 695 3460 860 3521; x_wconf 90' lang='lat' dir='ltr'>casuum,</span> <span class='ocrx_word' id='word_1_229' title='bbox 878 3456 969 3531; x_wconf 90' lang='lat' dir='ltr'>quos</span> <span class='ocrx_word' id='word_1_230' title='bbox 985 3428 1139 3502; x_wconf 79' lang='lat' dir='ltr'>verbum</span> <span class='ocrx_word' id='word_1_231' title='bbox 1153 3435 1249 3534; x_wconf 81' lang='lat' dir='ltr'>regit</span> 
     </span>
     <span class='ocr_line' id='line_1_29' title="bbox 157 3541 1250 3647; baseline -0.003 -25"><span class='ocrx_word' id='word_1_232' title='bbox 157 3547 453 3647; x_wconf 88' lang='lat' dir='ltr'>permutationes.</span> <span class='ocrx_word' id='word_1_233' title='bbox 467 3547 525 3620; x_wconf 88' lang='lat' dir='ltr'>Sic</span> <span class='ocrx_word' id='word_1_234' title='bbox 538 3564 664 3620; x_wconf 86' lang='lat' dir='ltr'>contra</span> <span class='ocrx_word' id='word_1_235' title='bbox 677 3543 922 3647; x_wconf 77' lang='lat' dir='ltr'>grammaticae</span> <span class='ocrx_word' id='word_1_236' title='bbox 940 3541 1080 3642; x_wconf 85' lang='lat' dir='ltr'>regulas</span> <span class='ocrx_word' id='word_1_237' title='bbox 1092 3570 1172 3617; x_wconf 91' lang='lat' dir='ltr'>cum</span> <span class='ocrx_word' id='word_1_238' title='bbox 1186 3570 1250 3646; x_wconf 84' lang='lat' dir='ltr'>ge-</span> 
     </span>
     <span class='ocr_line' id='line_1_30' title="bbox 158 3654 1248 3759; baseline 0 -27"><span class='ocrx_word' id='word_1_239' title='bbox 158 3661 274 3732; x_wconf 89' lang='lat' dir='ltr'>nitivo</span> <span class='ocrx_word' id='word_1_240' title='bbox 302 3674 600 3733; x_wconf 86' lang='lat' dir='ltr'>construuntur:</span> <span class='ocrx_word' id='word_1_241' title='bbox 645 3666 837 3759; x_wconf 83' lang='grc' dir='ltr'>ἐντυγχοίνειν</span> <span class='ocrx_word' id='word_1_242' title='bbox 873 3654 990 3755; x_wconf 87' lang='lat' dir='ltr'>(Phil.</span> <span class='ocrx_word' id='word_1_243' title='bbox 1033 3683 1068 3729; x_wconf 90' lang='lat' dir='ltr'>v.</span> <span class='ocrx_word' id='word_1_244' title='bbox 1104 3659 1248 3758; x_wconf 88' lang='grc'>4317),</span> 
     </span>
     <span class='ocr_line' id='line_1_31' title="bbox 157 3768 1251 3870; baseline -0.003 -24"><span class='ocrx_word' id='word_1_245' title='bbox 157 3782 370 3870; x_wconf 75' lang='grc' dir='ltr'>συντυγχάνειν</span> <span class='ocrx_word' id='word_1_246' title='bbox 393 3770 511 3870; x_wconf 73' lang='lat' dir='ltr'>(Phil.</span> <span class='ocrx_word' id='word_1_247' title='bbox 529 3798 565 3843; x_wconf 85' lang='lat' dir='ltr'>v.</span> <span class='ocrx_word' id='word_1_248' title='bbox 590 3772 708 3869; x_wconf 90' lang='grc'>320),</span> <span class='ocrx_word' id='word_1_249' title='bbox 735 3786 887 3868; x_wconf 82' lang='lat' dir='ltr'>propter</span> <span class='ocrx_word' id='word_1_250' title='bbox 904 3768 1075 3868; x_wconf 79' lang='lat' dir='ltr'>simplicis</span> <span class='ocrx_word' id='word_1_251' title='bbox 1090 3780 1251 3869; x_wconf 84' lang='grc' dir='ltr'>τυγχάνειν</span> 
     </span>
     <span class='ocr_line' id='line_1_32' title="bbox 157 3881 1252 3984; baseline 0 -27"><span class='ocrx_word' id='word_1_252' title='bbox 157 3884 381 3984; x_wconf 68' lang='lat' dir='ltr'>analogiam</span> <span class='ocrx_word' id='word_1_253' title='bbox 413 3893 627 3980; x_wconf 76' lang='grc' dir='ltr'>μαλάσσεσθαι</span> <span class='ocrx_word' id='word_1_254' title='bbox 654 3883 774 3984; x_wconf 86' lang='lat' dir='ltr'>(Phil.</span> <span class='ocrx_word' id='word_1_255' title='bbox 795 3910 829 3954; x_wconf 88' lang='lat' dir='ltr'>v.</span> <span class='ocrx_word' id='word_1_256' title='bbox 856 3883 1002 3980; x_wconf 83' lang='grc'>4348),</span> <span class='ocrx_word' id='word_1_257' title='bbox 1029 3896 1069 3953; x_wconf 90' lang='lat' dir='ltr'>ut</span> <span class='ocrx_word' id='word_1_258' title='bbox 1099 3881 1252 3958; x_wconf 85' lang='lat' dir='ltr'>verbum</span> 
     </span>
    </p>
   </div>
   <div class='ocr_carea' id='block_1_7' title="bbox 158 3993 1250 4208">
    <p class='ocr_par' dir='ltr' id='par_1_8' title="bbox 158 3993 1250 4208">
     <span class='ocr_line' id='line_1_33' title="bbox 158 3993 1248 4099; baseline 0 -29"><span class='ocrx_word' id='word_1_259' title='bbox 158 3995 334 4091; x_wconf 80' lang='lat' dir='ltr'>cessandi,</span> <span class='ocrx_word' id='word_1_260' title='bbox 357 4005 472 4099; x_wconf 78' lang='grc' dir='ltr'>φεύγειν</span> <span class='ocrx_word' id='word_1_261' title='bbox 500 3995 618 4098; x_wconf 88' lang='lat' dir='ltr'>(OEd.</span> <span class='ocrx_word' id='word_1_262' title='bbox 633 3997 712 4070; x_wconf 87' lang='lat' dir='ltr'>Got.</span> <span class='ocrx_word' id='word_1_263' title='bbox 734 4021 771 4068; x_wconf 77' lang='grc' dir='ltr'>ν.</span> <span class='ocrx_word' id='word_1_264' title='bbox 794 3998 911 4086; x_wconf 92' lang='grc'>4034,</span> <span class='ocrx_word' id='word_1_265' title='bbox 933 3993 1027 4067; x_wconf 80' lang='lat' dir='ltr'>Phil.</span> <span class='ocrx_word' id='word_1_266' title='bbox 1057 4021 1093 4066; x_wconf 85' lang='lat' dir='ltr'>v.</span> <span class='ocrx_word' id='word_1_267' title='bbox 1110 3997 1248 4093; x_wconf 84' lang='grc'>4044),</span> 
     </span>
     <span class='ocr_line' id='line_1_34' title="bbox 158 4107 1250 4208; baseline -0.004 -23"><span class='ocrx_word' id='word_1_268' title='bbox 158 4118 332 4186; x_wconf 82' lang='grc' dir='ltr'>ἀλύσκειν</span> <span class='ocrx_word' id='word_1_269' title='bbox 368 4109 450 4208; x_wconf 87' lang='lat' dir='ltr'>(El.</span> <span class='ocrx_word' id='word_1_270' title='bbox 489 4135 526 4181; x_wconf 89' lang='lat' dir='ltr'>v.</span> <span class='ocrx_word' id='word_1_271' title='bbox 561 4110 657 4199; x_wconf 90' lang='grc'>647,</span> <span class='ocrx_word' id='word_1_272' title='bbox 693 4107 820 4208; x_wconf 79' lang='lat' dir='ltr'>Antig.</span> <span class='ocrx_word' id='word_1_273' title='bbox 853 4134 888 4179; x_wconf 91' lang='lat' dir='ltr'>v.</span> <span class='ocrx_word' id='word_1_274' title='bbox 930 4107 1053 4204; x_wconf 82' lang='grc'>485),</span> <span class='ocrx_word' id='word_1_275' title='bbox 1094 4115 1250 4202; x_wconf 83' lang='grc' dir='ltr'>ἀποσυλᾷν</span> 
     </span>
    </p>
   </div>
   <div class='ocr_carea' id='block_1_8' title="bbox 200 4284 949 4368">
    <p class='ocr_par' dir='ltr' id='par_1_9' title="bbox 200 4284 949 4368">
     <span class='ocr_line' id='line_1_35' title="bbox 200 4284 949 4368; baseline 0.001 -17"><span class='ocrx_word' id='word_1_276' title='bbox 200 4299 209 4324; x_wconf 89' lang='lat'>¹</span> <span class='ocrx_word' id='word_1_277' title='bbox 225 4289 351 4351; x_wconf 79' lang='lat' dir='ltr'>bericon</span> <span class='ocrx_word' id='word_1_278' title='bbox 365 4288 499 4368; x_wconf 86' lang='lat' dir='ltr'>Sophocl.</span> <span class='ocrx_word' id='word_1_279' title='bbox 516 4288 606 4352; x_wconf 89' lang='lat' dir='ltr'>edidit</span> <span class='ocrx_word' id='word_1_280' title='bbox 618 4287 760 4365; x_wconf 76' lang='lat' dir='ltr'>Ellendt,</span> <span class='ocrx_word' id='word_1_281' title='bbox 773 4287 822 4364; x_wconf 84' lang='lat' dir='ltr'>ll,</span> <span class='ocrx_word' id='word_1_282' title='bbox 834 4310 863 4368; x_wconf 86' lang='lat' dir='ltr'>p.</span> <span class='ocrx_word' id='word_1_283' title='bbox 876 4284 949 4355; x_wconf 75' lang='lat'>249.</span> 
     </span>
    </p>
   </div>
   <div class='ocr_carea' id='block_1_9' title="bbox 0 0 1502 4804">
    <p class='ocr_par' dir='ltr' id='par_1_10' title="bbox 0 0 1502 4804">
     <span class='ocr_line' id='line_1_36' title="bbox 0 0 1502 4804; baseline 0 0"><span class='ocrx_word' id='word_1_284' title='bbox 0 0 1502 4804; x_wconf 95' lang='lat' dir='ltr'> </span> 
     </span>
    </p>
   </div>
  </div>
 </body>
</html>
