2990 4804
656 298 924 370 1-28-

282 437 359 510 haec
376 451 460 510 sunt
479 465 487 507 ε
509 434 635 536 Antig.
654 462 690 509 v.
709 441 805 510 747:
825 449 915 537 ρῡνοιι
936 444 986 512 τὸν
1003 441 1121 539 ἄνδρα,
1140 445 1246 512 πάντ’
1274 438 1369 538 (acc.

277 548 395 647 plur.)
414 553 633 645 ἐπιστήμης
649 555 759 621 πλέων.
779 548 911 621 Trach.
932 577 968 622 v.
990 553 1080 624 338:
1103 556 1214 624 τούτων
1233 563 1294 650 ἔχω
1311 564 1371 654 γὰρ

278 667 394 734 πάντ’
415 667 634 756 ἐπιστήμην
654 667 727 760 ἐγώ.
748 658 807 760 Aj.
829 688 865 734 ν.
888 664 1173 737 4014ιΚάκεῑνοο
1196 666 1290 748 Aldus
1311 666 1372 744 δη-

278 781 421 873 μιουργὸς
446 787 574 873 ἄγριος,
604 797 652 844 sc.
679 776 715 852 ἦν
741 774 803 870 (cl.
830 787 954 846 notam
979 771 1217 873 Hermanni).
1236 773 1370 847 Trach.

277 909 314 956 v.
333 887 426 958 668:
445 900 504 958 τῶν
520 900 581 958 σῶν
601 873 733 984 ῑΪροικλεῖ
754 890 953 986 δωρημοίτων.
974 883 1070 957 OEd.
1088 886 1167 958 Col.
1193 913 1229 958 v.
1252 889 1370 961 1016ε

277 1005 317 1070 τὰ
334 1006 394 1097 γὰρ
421 1000 520 1092 δόλῳ
543 1012 593 1092 τῷ
610 1005 659 1093 μὴ
679 1001 826 1094 δικαίῳ
845 1004 1015 1094 κτήματ’
1038 1005 1107 1095 οὐχὶ
1131 1007 1275 1083 σώζεται.
1294 999 1373 1072 Huc

278 1106 486 1180 referendus
522 1132 596 1180 esse
622 1105 766 1180 videtur
791 1134 873 1180 usus
899 1107 1069 1180 adverbia
1091 1109 1258 1208 quaedam
1288 1137 1372 1183 eum

277 1218 508 1295 substantivis
526 1245 600 1292 non
618 1221 783 1320 apposito
800 1221 954 1295 articulo
966 1220 1164 1320 jungendi,
1188 1221 1287 1294 velut
1303 1219 1373 1296 hoc

174 1317 177 1332 .
276 1348 349 1422 est,
367 1329 499 1403 Trach.
520 1359 554 1402 v.
574 1335 646 1406 380
667 1362 675 1404 ε
696 1325 764 1414 lo‘ln
782 1339 916 1432 Εὐρύτου
932 1340 1017 1426 ποτέ,
1033 1334 1186 1432 Euryti,
1207 1337 1268 1434 qui
1284 1333 1372 1404 olim

261 1441 361 1538 fut't,
376 1443 483 1542 filia.
503 1442 559 1512 lb.
576 1469 612 1514 v.
635 1446 723 1518 554:
744 1455 879 1544 ἀρχαίου
896 1450 967 1517 ποτὲ
981 1453 1089 1544 θηρός,
1106 1444 1285 1540 semfferi,
1308 1452 1374 1544 qui

276 1555 365 1626 olim
378 1569 468 1625 erat.
486 1551 542 1625 lb.
558 1580 594 1625 v.
611 1557 720 1643 tt36,
735 1563 852 1639 Νέσσος
864 1562 959 1627 πάλαι
972 1563 1152 1654 Κένταυρος,
1169 1552 1230 1626 ubi
1244 1552 1371 1628 adver·

276 1665 378 1740 bium
406 1674 502 1740 πάλαι
532 1691 607 1739 uon
636 1664 821 1764 pertinere
846 1680 963 1764 potest
989 1663 1033 1736 ad
1058 1664 1210 1738 verbum
1239 1669 1371 1752 ἐξέπεισε

277 1778 435 1876 (anglice
457 1808 465 1848 ε
485 1777 544 1848 Μι·
561 1775 708 1850 Gibbon
725 1776 883 1875 oflate).

326 1889 388 1965 lV.
402 1888 626 1988 Oxymoron.
638 1890 694 1962 Ex
707 1887 906 1962 subtilitate
918 1904 954 1962 et
967 1889 1145 1979 acumine,
1159 1913 1233 1989 quo
1244 1915 1369 1964 rerum

275 2002 527 2076 similitudines
541 2019 576 2076 et
587 2000 847 2101 discrepantias
859 2003 1036 2076 acerrime
1049 1999 1220 2074 videbant
1231 2019 1370 2076 veteres

276 2114 328 2188 illi
343 2131 474 2214 poetae,
488 2131 568 2187 nata
581 2131 665 2186 suut
675 2141 860 2212 oxymora,
874 2140 956 2214 quac
968 2131 1039 2185 tam
1052 2115 1262 2213 frequenter
1275 2115 1371 2214 apud

275 2226 527 2324 AEsehylumet
539 2224 735 2298 Pindarum
748 2242 984 2300 occurrunt¹.
1001 2223 1059 2296 Ab
1069 2226 1238 2324 AEschylo
1248 2230 1370 2328 pulvis

275 2356 396 2412 mutus
409 2339 563 2438 agminis
574 2340 721 2412 nuntius
734 2340 949 2438 appellatur.
960 2337 1136 2411 Pindarus
1146 2337 1190 2411 de
1204 2339 1370 2438 «frigida
1485 2331 1486 2354 ¹

267 2449 426 2545 flatumu
439 2480 457 2520 u
473 2449 517 2522 de
538 2483 554 2518 a
565 2450 712 2550 judicio
727 2451 872 2549 lapideo
886 2480 903 2518 u
928 2450 1041 2547 (λιθινὰ
1058 2449 1174 2548 ψᾶφος)
1190 2450 1366 2550 loquitur.

275 2559 342 2632 Sed
357 2577 439 2635 sunt
457 2561 562 2630 etiam
576 2587 749 2655 oxymora
765 2559 905 2658 vulgari
924 2586 989 2630 usu
1006 2560 1090 2630 trita
1109 2575 1149 2630 ut
1166 2570 1274 2645 σκότος
1292 2567 1370 2654 βλέ-

274 2704 340 2748 πειν
366 2672 467 2770 (luee
496 2673 678 2771 priuatum
703 2687 804 2764 esse).
831 2669 1029 2769 Sophoclea
1058 2670 1134 2744 haec
1164 2671 1239 2744 fere
1268 2691 1367 2748 sunt.

276 2783 410 2858 Truch.
436 2813 470 2858 v.
491 2789 561 2860 875
584 2792 720 2866 εΒέὸηκε
737 2795 886 2884 Δῃοὶνειρα
903 2792 956 2864 τὴν
972 2794 1165 2864 πανυστάτην
1182 2787 1261 2859 ὁδῶν
1280 2794 1368 2860 ἁπα-

277 2915 338 2971 σῶν
355 2904 390 2983 ἐξ
412 2909 591 2978 ἀκινήτου
620 2902 750 2990 ποδός,
771 2897 866 2968 viam
887 2896 969 2967 iniit
983 2913 1205 2996 postremam
1223 2899 1369 2970 immoto

270 3010 382 3109 pede.
411 3011 551 3107 Quippe
576 3009 820 3109 unusquisque
845 3035 957 3108 quum
979 3033 999 3081 e
1025 3010 1096 3081 vita
1116 3007 1276 3091 decedit,
1299 3009 1369 3081 iter

278 3119 395 3192 facere
420 3119 490 3192 dici
518 3135 634 3218 potest
658 3119 748 3218 pede
773 3122 938 3194 immoto.
969 3121 1093 3194 Simile
1121 3118 1368 3219 aritiphraseos

280 3256 409 3332 genus,
424 3232 518 3304 Phil.
534 3261 570 3305 v.
593 3233 665 3308 849
687 3220 785 3306 εᾸλλ’
802 3239 843 3316 ὥς
858 3241 904 3317 τίς
924 3238 954 3304 σ’
972 3235 1052 3324 Alea
1070 3242 1291 3331 παρακείμενος
1310 3240 1368 3333 ὁρᾷ

276 3344 342 3441 (sc.
370 3360 405 3416 te
431 3370 504 3416 nou
523 3345 648 3441 videt).
672 3343 769 3416 OEd.
794 3343 874 3417 Col.
897 3370 932 3414 v.
960 3346 1030 3418 437
1051 3372 1058 3414 :
1077 3356 1180 3441 Φωνῇ
1206 3353 1266 3443 γὰρ
1293 3352 1368 3443 ὁρῶ

275 3462 309 3530 τὸ
334 3465 540 3553 φατιζόρενον.
566 3454 664 3528 OEd.
685 3454 764 3527 Col.
793 3481 828 3526 v.
859 3456 907 3529 75
930 3483 938 3525 τ
964 3438 1022 3526 ds’
1045 3463 1082 3528 ἂν
1104 3462 1249 3554 λέγωμεν,
1276 3461 1366 3528 πάνθ’

277 3573 423 3665 ὁρῶντα
444 3571 577 3662 λέξομεν,
598 3567 658 3638 ubi
677 3591 877 3664 oxymorou
900 3581 1144 3664 praeparatum
1167 3580 1244 3636 erat
1261 3589 1368 3638 versu

276 3677 505 3776 proecedenle
521 3689 599 3752 :Kal
613 3690 659 3763 τίς
674 3687 748 3781 πρὸς
761 3682 869 3779 ἀνδρὸς
879 3686 921 3776 μὴ
934 3683 1095 3772 βλέποντος
1108 3691 1249 3778 ἅρκεσις;
1266 3675 1365 3751 OEd.

277 3791 356 3863 Col.
376 3819 411 3866 v.
436 3794 510 3868 680
538 3821 546 3862 :
571 3801 713 3893 ἀκηράτῳ
736 3798 790 3864 σὺν
811 3797 933 3890 inire,
957 3787 1018 3862 ubi
1043 3788 1087 3862 de
1109 3815 1198 3889 pura
1222 3787 1364 3886 Cephisi

277 3929 367 4003 aqua
378 3905 584 4004 agitpoeta3
598 3930 705 4004 quam
717 3929 829 4005 quum
843 3917 995 4002 propter
1010 3900 1263 3974 secunditatem
1280 3927 1363 3974 cum

319 4276 328 4304 ¹
349 4264 470 4343 Muller,
485 4264 535 4342 11,
553 4287 583 4347 p.
604 4265 674 4327 107.
