2990 4804
167 1277 329 1339 anrtrro
347 1317 1182 1339 .........................................
1250 1283 1263 1336 1

557 1525 684 1586 CAPUT
705 1524 880 1586 PRIMUM.

168 1696 189 1778 5
214 1697 245 1755 1.
270 1693 317 1752 De
335 1689 498 1772 Sophoclem
513 1687 647 1748 dictionis
664 1687 793 1748 aetatihus
801 1733 1180 1751 ...................
1249 1691 1268 1750 3

166 1807 187 1889 §
210 1807 243 1866 2.
268 1801 314 1861 De
327 1800 493 1860 discrimine
504 1797 582 1880 quod
595 1798 670 1860 inter
684 1797 833 1881 AEschyli,
850 1797 1017 1879 Sophoclis,
1035 1797 1184 1881 Euripidis

214 1912 377 1973 dictionem
398 1909 551 1969 intercedit
555 1952 1177 1971 ...............................
1248 1912 1268 1971 t

257 2023 304 2081 De
323 2019 409 2080 choro
417 2061 1177 2082 ......................................
1228 2020 1267 2079 ib.

258 2132 304 2192 De
317 2132 492 2212 tragicorum
507 2139 568 2186 arte
588 2128 707 2188 metrica
717 2173 1178 2192 .......................
1247 2132 1268 2191 6

258 2243 305 2303 De
319 2239 467 2300 elementis
482 2238 586 2321 quibus
602 2240 776 2320 tragicorum
794 2237 932 2300 disiectus
949 2252 1061 2298 constat
1068 2285 1178 2300 ......
1229 2243 1268 2299 10

258 2353 302 2412 De
318 2352 483 2411 continuata
501 2351 630 2408 oratione
650 2349 729 2429 apud
750 2349 873 2430 tragicos
880 2392 1179 2412 ...............
1230 2353 1268 2410 12

260 2460 305 2520 De
318 2461 492 2541 tragicorum
510 2458 626 2541 syntaxi
633 2501 1179 2520 ...........................
1231 2458 1270 2519 14

538 2705 665 2766 CAPUT
685 2705 914 2773 SECUNDUM.

175 2874 195 2956 5
220 2875 249 2936 1.
274 2871 318 2930 De
331 2871 497 2951 pleonasmo
516 2869 597 2950 apud
618 2868 791 2950 Sophoclem
800 2913 1180 2931 ...................
1230 2876 1269 2935 18

175 2983 195 3065 5
219 2985 247 3042 2.
270 2981 314 3040 De
332 2981 471 3064 asyndeto
473 3023 1179 3042 ...................................
1229 2984 1270 3046 24

176 3092 196 3174 5
218 3093 249 3152 3.
273 3092 317 3152 De
333 3091 505 3152 anacolutho
512 3132 1181 3155 .................................
1229 3097 1269 3156 25

177 3203 197 3284 §
220 3203 250 3268 4.
274 3202 318 3261 De
331 3202 394 3261 eliis
410 3200 519 3262 acerbae
540 3199 587 3260 vel
612 3199 736 3280 antique
760 3197 895 3260 dictionis
918 3177 997 3282 upud
1015 3201 1187 3282 Sophoclem

221 3311 347 3393 vestigiis
350 3353 1180 3375 .........................................
1230 3315 1270 3375 27

176 3422 197 3504 §
221 3421 251 3483 5.
275 3421 319 3480 De
334 3419 572 3480 annominatione
574 3459 1182 3481 ..............................
1230 3425 1271 3484 29

175 3534 196 3616 §
218 3533 250 3592 6.
272 3529 317 3590 De
332 3505 534 3611 brachylogia.
556 3569 1183 3592 ...............................
1230 3534 1271 3594 30

177 3643 199 3724 5
221 3645 251 3701 7.
276 3641 321 3700 Dc
337 3640 506 3699 attractione
514 3679 1182 3703 ..................................
1231 3643 1270 3704 35

176 3753 198 3835 5
220 3755 250 3813 8.
273 3751 318 3810 Dc
333 3749 493 3832 hyperbato
497 3789 1181 3813 ..................................
1232 3753 1270 3814 38

178 3862 199 3944 §
221 3865 252 3922 9.
275 3859 319 3920 Dc
334 3859 547 3918 constructione
561 3862 633 3916 κατὰ
654 3863 685 3915 τὸ
702 3863 889 3936 σημαινόμενον
891 3900 1181 3921 ...............
1231 3861 1264 3920 41

177 3971 200 4052 5
222 3973 273 4028 10.
292 3968 337 4026 Dc
355 3967 406 4041 iis,
424 3986 486 4045 quae
503 3965 696 4047 exquisitius,
719 3965 863 4046 pressius,
882 3966 995 4046 plenius
1014 3991 1029 4026 a
1049 3967 1188 4048 Sophocle

223 4077 381 4137 dictasunt
389 4118 1181 4142 ......................................
1231 4081 1270 4144 43

178 4188 200 4270 5
222 4190 273 4245 11.
296 4188 340 4246 De
353 4186 419 4246 uliis
435 4184 608 4264 quibusdam
619 4183 770 4265 Sophoclis
785 4185 974 4247 idiotismis..
989 4231 996 4246 .
1009 4213 1024 4247 .·
1030 4231 1181 4249 ........
1232 4185 1271 4247 44

181 4297 202 4378 5
226 4297 276 4356 12.
298 4294 342 4356 De
355 4293 502 4376 Sophoclis
524 4295 696 4355 obscuritate
703 4337 1183 4356 ........................
1232 4296 1271 4354 50

1108 4423 1128 4462 a
