2990 4804
219 396 415 497 Sophocles
437 397 597 498 primum
626 398 662 471 in
690 424 834 493 scenam
859 396 1036 498 prodierit
1057 423 1091 469 a.
1110 410 1195 469 ante
1218 394 1306 467 Chr.

219 537 258 582 n.
273 511 344 581 t68
361 509 439 607 (01.
460 535 599 601 axxvrr,
615 511 659 609 la)
676 540 716 584 ao
729 528 894 587 mortuus
912 511 958 583 sit
974 509 1031 581 01.
1049 533 1148 595 xcrn,
1165 513 1188 580 2
1198 535 1208 594 ;
1231 506 1308 578 An-

219 621 345 722 tigone
359 647 459 709 vero,
478 649 559 721 quae
579 608 766 698 commissa
780 641 832 698 cst
847 628 932 713 tto,
952 621 1169 694 tricesimam
1186 645 1309 692 secun-

215 733 301 808 dam
314 735 388 834 ejus
406 732 565 807 sabulum
584 737 689 811 luisse
707 754 807 811 vetus
827 735 1021 810 dedascalia
1039 760 1106 808 nos
1117 733 1259 823 doceat,
1280 731 1308 802 si

219 846 380 919 sincerus
393 862 447 918 est
460 854 473 922 l
484 851 530 922 43
544 844 761 941 fabularum,
782 875 862 950 quae
883 849 915 922 ei
933 845 1163 937 tribuuntur,
1179 869 1309 918 nume·

218 983 294 1049 rus,
315 959 377 1049 81,
397 959 454 1032 vel
469 958 641 1034 dramatis
658 961 818 1060 satyricis
839 961 883 1034 de
904 985 1044 1035 summa
1062 957 1242 1045 deductis,
1263 957 1309 1029 58

218 1070 349 1146 labulae
368 1087 505 1144 restant
525 1071 608 1147 inde
625 1073 672 1145 ab
690 1100 787 1149 anno
805 1089 890 1146 ante
911 1073 998 1146 Chr.
1019 1099 1059 1146 n.
1087 1073 1159 1142 tto
1170 1123 1181 1157 ,
1200 1093 1312 1169 usque

218 1181 265 1266 ad
282 1184 355 1259 tot
371 1183 581 1282 compositae
592 1213 603 1275 3
623 1185 718 1259 unde
739 1187 912 1285 plurimas
932 1209 1014 1285 quae
1032 1181 1148 1255 adbuc
1169 1193 1311 1254 exstant

218 1297 407 1396 Sophoclis
424 1297 655 1396 etEuripidis
671 1300 864 1401 tragoedias
881 1301 976 1373 intra
991 1297 1078 1372 belli
1089 1297 1313 1394 Peloponne-

218 1409 302 1482 siaci
316 1425 479 1507 tempora
487 1412 702 1507 compositas
717 1437 789 1490 esse
798 1411 970 1486 credibile
983 1409 1036 1482 lit.
1047 1409 1189 1482 Scilicet
1197 1432 1313 1506 quum

219 1520 281 1597 illa
300 1536 388 1592 aetas
406 1518 633 1592 uberrimum
648 1540 832 1620 poetarum
851 1525 1061 1620 ineptorum
1084 1523 1215 1592 loetum
1233 1519 1314 1590 sun·

219 1631 336 1720 deret,
356 1656 510 1732 <luorum
528 1633 691 1731 quamvis
717 1633 882 1707 absurdae
903 1633 1032 1733 opellae
1050 1657 1126 1705 nou
1143 1630 1314 1728 displice-

219 1744 311 1822 bant
324 1746 380 1818 isti
396 1741 491 1816 baud
504 1742 743 1818 delicatissimi
755 1743 884 1820 lastidii
899 1744 1010 1844 plebi,
1026 1744 1136 1817 etiam
1145 1742 1313 1816 meliores

220 1873 338 1956 poetae
353 1881 399 1929 ne
417 1883 434 1927 a
449 1879 551 1928 scena
571 1881 718 1953 prorsus
734 1855 1052 1947 submoverentur,
1073 1871 1111 1928 et
1130 1882 1148 1926 a
1162 1852 1312 1953 pristina

220 1967 406 2067 diligentia
439 1992 475 2040 se
507 1966 738 2059 relaxabant,
764 1985 801 2044 et
822 1968 1025 2043 fabularum
1051 1991 1245 2067 personnas
1270 1960 1314 2034 ad

221 2105 301 2152 rem
320 2094 537 2177 praesentem
549 2081 739 2152 referendo
751 2092 787 2152 et
805 2078 1126 2167 accommodando,
1143 2077 1311 2176 gloriam,

221 2216 321 2290 opes,
342 2214 398 2262 res
412 2207 526 2288 gestas
543 2189 817 2266 Atheniensium
830 2193 1039 2267 extollendo
1056 2197 1179 2264 auram
1197 2213 1316 2287 popu·
1386 2261 1390 2268 ,
1484 2245 1485 2256 ,

222 2303 337 2379 larem
359 2301 564 2401 captabant.
578 2303 684 2398 Quod
697 2321 821 2380 noster
837 2331 906 2404 pro
927 2331 986 2393 ea,
1006 2330 1075 2406 qua
1095 2301 1245 2400 insignis
1262 2314 1316 2371 est

226 2414 453 2501 excellentia,
472 2433 508 2486 et
522 2417 642 2488 minus
659 2442 752 2516 saepe
768 2433 806 2490 et
825 2433 918 2490 tecte
936 2434 971 2490 et
989 2432 1086 2489 certe
1103 2413 1219 2486 multo
1236 2411 1315 2483 Eu·

223 2526 341 2626 ripide
354 2528 490 2600 cautius
502 2525 598 2598 lecit.
611 2527 710 2601 Fecit
725 2545 858 2617 tamen,
874 2530 1156 2627 quotiescunque
1165 2522 1211 2597 ad
1223 2522 1316 2598 hanc

223 2663 302 2714 rem
332 2638 364 2710 ei
393 2635 625 2712 commodum
648 2655 726 2712 erat
746 2655 1015 2739 argumentum,
1045 2639 1095 2710 ita
1123 2651 1180 2727 ut,
1206 2633 1317 2710 modo

223 2749 393 2824 dictionis
419 2748 527 2822 simul
553 2751 732 2825 rationem
764 2750 912 2838 babeas,
939 2767 1097 2839 aetatem,
1121 2775 1191 2849 qua
1227 2755 1317 2820 con-'-

224 2863 368 2962 scriptae
382 2878 467 2936 sunt
483 2862 634 2952 fabulae,
655 2863 784 2938 elicere
798 2864 922 2965 po'ssis.
937 2865 1023 2937 flac
1041 2860 1188 2962 quidem
1205 2860 1317 2932 altera

225 2991 427 3064 causaest,
450 3002 517 3047 cnr
541 2992 676 3074 praeter
705 2976 915 3078 Antigonen
938 3000 1065 3052 omnes
1087 2976 1161 3075 ejus
1182 2969 1317 3046 fabulas

223 3103 307 3186 post
330 3101 592 3162 exortumcnm
622 3090 892 3190 Peloponnesiis
922 3089 1060 3162 bellum
1089 3085 1212 3160 doctas
1244 3107 1319 3156 esse

225 3199 440 3274 existimem.
461 3200 536 3274 Nec
551 3202 704 3276 omnino
722 3203 812 3275 vitio
830 3201 1004 3275 verterim
1022 3224 1164 3272 summo
1180 3211 1292 3296 poetae
1302 3247 1316 3287 ,

226 3311 325 3414 quod
355 3312 540 3414 republica
569 3315 607 3387 in
629 3332 793 3388 extremo
819 3313 971 3414 periculi
992 3311 1203 3386 discrimine
1232 3332 1318 3382 ver-

226 3442 341 3514 sante,
357 3427 491 3499 civium
506 3427 645 3501 animos
659 3444 695 3500 et
709 3427 876 3519 heroum,
892 3425 954 3526 qui
969 3423 1101 3498 urbem
1112 3436 1316 3510 tuerentur,

225 3539 401 3612 memoria
412 3590 423 3627 ,
443 3539 643 3640 veterisque
667 3540 793 3639 gloriae
815 3553 981 3613 revocata
1002 3537 1158 3636 imagine
1180 3535 1319 3633 erigere

227 3665 265 3725 et
287 3647 454 3740 reficere,
476 3651 533 3722 vel
556 3677 781 3725 aeumnarum
809 3653 850 3725 iis
876 3678 963 3753 quas
983 3677 1082 3725 nunc
1106 3660 1320 3749 paterentur

228 3761 401 3836 similium
420 3751 605 3838 mentione
621 3764 763 3866 injecta,
779 3764 959 3838 consolari
971 3763 1100 3836 voluit.

278 3873 382 3966 Quod
403 3874 549 3974 quidem
564 3875 601 3947 in
624 3874 768 3976 OEdipo
784 3879 882 3978 Rege
896 3876 1030 3950 lactum
1051 3898 1123 3947 esse
1142 3869 1317 3960 videmus,

229 4011 343 4086 quum
375 3983 505 4062 labulae
531 3987 651 4062 statim
677 3987 827 4065 exordio
850 3988 977 4089 pestis,
1001 4013 1070 4088 qua
1097 3984 1182 4058 belli
1214 3981 1320 4055 initio

230 4097 384 4171 Athenae
399 4115 483 4173 sunt
495 4096 702 4192 devastatae,
719 4101 945 4175 viridissimis
957 4097 1168 4199 depingitur
1181 4093 1320 4170 colori-

227 4208 308 4283 bus.
328 4209 496 4302 Accedit,
515 4213 613 4312 quod
632 4215 668 4286 in
687 4238 726 4286 ea
743 4212 861 4287 sabula
878 4214 1015 4312 pariter
1032 4227 1140 4312 atque
1155 4210 1192 4284 in
1209 4207 1318 4286 Euri-
