<?xml version="1.0" encoding="UTF-8"?>
<!DOCTYPE html PUBLIC "-//W3C//DTD XHTML 1.0 Transitional//EN"
    "http://www.w3.org/TR/xhtml1/DTD/xhtml1-transitional.dtd">
<html xmlns="http://www.w3.org/1999/xhtml" xml:lang="en" lang="en">
 <head>
  <title>
</title>
<meta http-equiv="Content-Type" content="text/html;charset=utf-8" />
  <meta name='ocr-system' content='tesseract 3.04.00' />
  <meta name='ocr-capabilities' content='ocr_page ocr_carea ocr_par ocr_line ocrx_word'/>
</head>
<body>
  <div class='ocr_page' id='page_1' title='image "./desophocleaedic00benlgoog_0067.png"; bbox 0 0 2990 4804; ppageno 0'>
   <div class='ocr_carea' id='block_1_1' title="bbox 683 313 880 382">
    <p class='ocr_par' dir='ltr' id='par_1_1' title="bbox 683 313 880 382">
     <span class='ocr_line' id='line_1_1' title="bbox 683 313 880 382; baseline -0.005 -12"><span class='ocrx_word' id='word_1_1' title='bbox 683 354 731 370; x_wconf 89' lang='lat'><strong>...</strong></span> <span class='ocrx_word' id='word_1_2' title='bbox 757 313 880 382; x_wconf 72' lang='lat'>52·-</span> 
     </span>
    </p>
   </div>
   <div class='ocr_carea' id='block_1_2' title="bbox 236 431 1336 2454">
    <p class='ocr_par' dir='ltr' id='par_1_2' title="bbox 236 431 1333 2006">
     <span class='ocr_line' id='line_1_2' title="bbox 267 431 1323 551; baseline -0.002 -27"><span class='ocrx_word' id='word_1_3' title='bbox 267 451 419 526; x_wconf 90' lang='lat' dir='ltr'><strong>·Similis</strong></span> <span class='ocrx_word' id='word_1_4' title='bbox 437 449 634 551; x_wconf 80' lang='lat' dir='ltr'><strong>implicatio</strong></span> <span class='ocrx_word' id='word_1_5' title='bbox 652 451 692 524; x_wconf 92' lang='lat' dir='ltr'><strong>in</strong></span> <span class='ocrx_word' id='word_1_6' title='bbox 711 450 866 524; x_wconf 77' lang='lat' dir='ltr'><strong>Electrae</strong></span> <span class='ocrx_word' id='word_1_7' title='bbox 891 447 974 522; x_wconf 90' lang='lat' dir='ltr'><strong>loco</strong></span> <span class='ocrx_word' id='word_1_8' title='bbox 997 473 1032 520; x_wconf 89' lang='grc' dir='ltr'><strong>ν.</strong></span> <span class='ocrx_word' id='word_1_9' title='bbox 1061 451 1133 526; x_wconf 78' lang='grc'><strong>489</strong></span> <span class='ocrx_word' id='word_1_10' title='bbox 1161 478 1170 519; x_wconf 88' lang='lat'>:</span> <span class='ocrx_word' id='word_1_11' title='bbox 1198 431 1323 549; x_wconf 75' lang='lat' dir='ltr'><strong>hlaurp’</strong></span> 
     </span>
     <span class='ocr_line' id='line_1_3' title="bbox 237 561 1323 666; baseline -0.004 -29"><span class='ocrx_word' id='word_1_12' title='bbox 237 577 358 666; x_wconf 75' lang='grc' dir='ltr'>ἄνυμφα</span> <span class='ocrx_word' id='word_1_13' title='bbox 377 575 437 666; x_wconf 73' lang='grc' dir='ltr'><strong>γάρ</strong></span> <span class='ocrx_word' id='word_1_14' title='bbox 461 571 555 640; x_wconf 69' lang='grc' dir='ltr'>ἐπέδα</span> <span class='ocrx_word' id='word_1_15' title='bbox 575 571 738 665; x_wconf 76' lang='grc' dir='ltr'>μιαιφόνων</span> <span class='ocrx_word' id='word_1_16' title='bbox 758 573 864 664; x_wconf 81' lang='grc' dir='ltr'>γάμων</span> <span class='ocrx_word' id='word_1_17' title='bbox 879 561 1063 659; x_wconf 77' lang='grc' dir='ltr'>ἁμιλλήμαθ’</span> <span class='ocrx_word' id='word_1_18' title='bbox 1083 563 1160 635; x_wconf 86' lang='grc' dir='ltr'>οἷσιν</span> <span class='ocrx_word' id='word_1_19' title='bbox 1173 567 1207 634; x_wconf 81' lang='grc' dir='ltr'><strong>σι’)</strong></span> <span class='ocrx_word' id='word_1_20' title='bbox 1220 569 1323 658; x_wconf 76' lang='grc' dir='ltr'>θέμις,</span> 
     </span>
     <span class='ocr_line' id='line_1_4' title="bbox 236 671 1327 774; baseline -0.004 -24"><span class='ocrx_word' id='word_1_21' title='bbox 236 675 300 750; x_wconf 91' lang='lat' dir='ltr'><strong>ubi</strong></span> <span class='ocrx_word' id='word_1_22' title='bbox 325 683 523 774; x_wconf 79' lang='grc' dir='ltr'>ἁμιλλήματα</span> <span class='ocrx_word' id='word_1_23' title='bbox 540 674 584 750; x_wconf 90' lang='lat' dir='ltr'><strong>de</strong></span> <span class='ocrx_word' id='word_1_24' title='bbox 611 673 877 750; x_wconf 74' lang='lat' dir='ltr'><strong>cohabitatione</strong></span> <span class='ocrx_word' id='word_1_25' title='bbox 894 671 1193 772; x_wconf 81' lang='lat' dir='ltr'><strong>intelligendum,</strong></span> <span class='ocrx_word' id='word_1_26' title='bbox 1213 671 1327 746; x_wconf 83' lang='lat' dir='ltr'><strong>verbo</strong></span> 
     </span>
     <span class='ocr_line' id='line_1_5' title="bbox 237 783 1329 886; baseline -0.005 -23"><span class='ocrx_word' id='word_1_27' title='bbox 237 790 313 864; x_wconf 82' lang='grc' dir='ltr'>οἷσιν</span> <span class='ocrx_word' id='word_1_28' title='bbox 347 805 466 862; x_wconf 90' lang='lat' dir='ltr'><strong>autem</strong></span> <span class='ocrx_word' id='word_1_29' title='bbox 502 789 576 863; x_wconf 89' lang='lat' dir='ltr'><strong>sola</strong></span> <span class='ocrx_word' id='word_1_30' title='bbox 610 788 881 886; x_wconf 73' lang='lat' dir='ltr'><strong>Clytaemnestra</strong></span> <span class='ocrx_word' id='word_1_31' title='bbox 926 786 1102 859; x_wconf 81' lang='lat' dir='ltr'><strong>innuitur.</strong></span> <span class='ocrx_word' id='word_1_32' title='bbox 1141 783 1329 858; x_wconf 89' lang='lat' dir='ltr'><strong>Aoristum</strong></span> 
     </span>
     <span class='ocr_line' id='line_1_6' title="bbox 236 897 1329 1001; baseline -0.006 -26"><span class='ocrx_word' id='word_1_33' title='bbox 236 907 331 976; x_wconf 73' lang='grc' dir='ltr'>ἐπέδα</span> <span class='ocrx_word' id='word_1_34' title='bbox 354 898 567 1001; x_wconf 84' lang='lat' dir='ltr'><strong>jamdudum</strong></span> <span class='ocrx_word' id='word_1_35' title='bbox 601 898 645 973; x_wconf 88' lang='lat' dir='ltr'><strong>ad</strong></span> <span class='ocrx_word' id='word_1_36' title='bbox 673 899 823 988; x_wconf 89' lang='lat' dir='ltr'><strong>suriam,</strong></span> <span class='ocrx_word' id='word_1_37' title='bbox 860 899 897 970; x_wconf 90' lang='lat' dir='ltr'><strong>in</strong></span> <span class='ocrx_word' id='word_1_38' title='bbox 929 897 1060 971; x_wconf 89' lang='lat' dir='ltr'><strong>scelera</strong></span> <span class='ocrx_word' id='word_1_39' title='bbox 1080 897 1329 972; x_wconf 89' lang='lat' dir='ltr'><strong>adulterorum</strong></span> 
     </span>
     <span class='ocr_line' id='line_1_7' title="bbox 237 1009 1326 1109; baseline -0.004 -25"><span class='ocrx_word' id='word_1_40' title='bbox 237 1012 636 1086; x_wconf 88' lang='lat' dir='ltr'><strong>irruentemretulimus</strong></span> <span class='ocrx_word' id='word_1_41' title='bbox 648 1011 744 1109; x_wconf 84' lang='lat' dir='ltr'><strong>(ride</strong></span> <span class='ocrx_word' id='word_1_42' title='bbox 762 1009 958 1084; x_wconf 85' lang='lat' dir='ltr'><strong>editionem</strong></span> <span class='ocrx_word' id='word_1_43' title='bbox 976 1026 1160 1099; x_wconf 88' lang='lat' dir='ltr'><strong>nostram,</strong></span> <span class='ocrx_word' id='word_1_44' title='bbox 1176 1035 1214 1108; x_wconf 90' lang='lat' dir='ltr'><strong>p.</strong></span> <span class='ocrx_word' id='word_1_45' title='bbox 1227 1011 1326 1101; x_wconf 72' lang='grc'>204).</span> 
     </span>
     <span class='ocr_line' id='line_1_8' title="bbox 237 1121 1331 1226; baseline -0.003 -30"><span class='ocrx_word' id='word_1_46' title='bbox 237 1124 337 1214; x_wconf 88' lang='lat' dir='ltr'><strong>Jam,</strong></span> <span class='ocrx_word' id='word_1_47' title='bbox 361 1125 443 1226; x_wconf 88' lang='lat' dir='ltr'><strong>quia</strong></span> <span class='ocrx_word' id='word_1_48' title='bbox 471 1125 510 1198; x_wconf 91' lang='lat' dir='ltr'><strong>in</strong></span> <span class='ocrx_word' id='word_1_49' title='bbox 531 1124 669 1196; x_wconf 90' lang='lat' dir='ltr'><strong>lumine</strong></span> <span class='ocrx_word' id='word_1_50' title='bbox 687 1123 752 1199; x_wconf 92' lang='lat' dir='ltr'><strong>illo</strong></span> <span class='ocrx_word' id='word_1_51' title='bbox 776 1123 949 1196; x_wconf 84' lang='lat' dir='ltr'><strong>sublustri</strong></span> <span class='ocrx_word' id='word_1_52' title='bbox 973 1123 1109 1195; x_wconf 87' lang='lat' dir='ltr'><strong>versari</strong></span> <span class='ocrx_word' id='word_1_53' title='bbox 1132 1149 1172 1194; x_wconf 86' lang='lat' dir='ltr'><strong>ac</strong></span> <span class='ocrx_word' id='word_1_54' title='bbox 1194 1121 1331 1194; x_wconf 84' lang='lat' dir='ltr'><strong>subulas</strong></span> 
     </span>
     <span class='ocr_line' id='line_1_9' title="bbox 239 1233 1331 1334; baseline -0.001 -27"><span class='ocrx_word' id='word_1_55' title='bbox 239 1262 316 1310; x_wconf 88' lang='lat' dir='ltr'><strong>suas</strong></span> <span class='ocrx_word' id='word_1_56' title='bbox 326 1235 504 1310; x_wconf 89' lang='lat' dir='ltr'><strong>collocare</strong></span> <span class='ocrx_word' id='word_1_57' title='bbox 517 1251 615 1308; x_wconf 89' lang='lat' dir='ltr'><strong>amat</strong></span> <span class='ocrx_word' id='word_1_58' title='bbox 626 1251 753 1334; x_wconf 88' lang='lat' dir='ltr'><strong>poeta,</strong></span> <span class='ocrx_word' id='word_1_59' title='bbox 767 1233 1119 1334; x_wconf 88' lang='lat' dir='ltr'><strong>accidetaliquoties,</strong></span> <span class='ocrx_word' id='word_1_60' title='bbox 1133 1250 1174 1306; x_wconf 91' lang='lat' dir='ltr'><strong>ut</strong></span> <span class='ocrx_word' id='word_1_61' title='bbox 1183 1234 1331 1334; x_wconf 89' lang='lat' dir='ltr'><strong>quando</strong></span> 
     </span>
     <span class='ocr_line' id='line_1_10' title="bbox 239 1344 1333 1449; baseline -0.002 -29"><span class='ocrx_word' id='word_1_62' title='bbox 239 1349 378 1421; x_wconf 88' lang='lat' dir='ltr'><strong>sincere</strong></span> <span class='ocrx_word' id='word_1_63' title='bbox 401 1364 438 1420; x_wconf 91' lang='lat' dir='ltr'><strong>et</strong></span> <span class='ocrx_word' id='word_1_64' title='bbox 462 1347 675 1446; x_wconf 88' lang='lat' dir='ltr'><strong>simpliciter</strong></span> <span class='ocrx_word' id='word_1_65' title='bbox 700 1348 801 1449; x_wconf 90' lang='lat' dir='ltr'><strong>loqui</strong></span> <span class='ocrx_word' id='word_1_66' title='bbox 831 1346 1028 1437; x_wconf 88' lang='lat' dir='ltr'><strong>videbitur,</strong></span> <span class='ocrx_word' id='word_1_67' title='bbox 1061 1344 1231 1447; x_wconf 83' lang='lat' dir='ltr'><strong>subrepat</strong></span> <span class='ocrx_word' id='word_1_68' title='bbox 1260 1371 1333 1420; x_wconf 84' lang='lat' dir='ltr'><strong>vox</strong></span> 
     </span>
     <span class='ocr_line' id='line_1_11' title="bbox 239 1458 1329 1558; baseline -0.002 -28"><span class='ocrx_word' id='word_1_69' title='bbox 239 1458 404 1558; x_wconf 82' lang='lat' dir='ltr'><strong>ambigua</strong></span> <span class='ocrx_word' id='word_1_70' title='bbox 418 1486 459 1530; x_wconf 88' lang='lat' dir='ltr'><strong>ac</strong></span> <span class='ocrx_word' id='word_1_71' title='bbox 477 1459 577 1531; x_wconf 86' lang='lat' dir='ltr'><strong>velut</strong></span> <span class='ocrx_word' id='word_1_72' title='bbox 601 1485 761 1558; x_wconf 80' lang='lat' dir='ltr'><strong>praesaga</strong></span> <span class='ocrx_word' id='word_1_73' title='bbox 778 1460 913 1549; x_wconf 76' lang='lat' dir='ltr'><strong>futuri,</strong></span> <span class='ocrx_word' id='word_1_74' title='bbox 936 1459 1035 1532; x_wconf 86' lang='lat' dir='ltr'><strong>velut</strong></span> <span class='ocrx_word' id='word_1_75' title='bbox 1052 1459 1089 1530; x_wconf 91' lang='lat' dir='ltr'><strong>in</strong></span> <span class='ocrx_word' id='word_1_76' title='bbox 1104 1459 1329 1547; x_wconf 84' lang='lat' dir='ltr'><strong>Trachiniis,</strong></span> 
     </span>
     <span class='ocr_line' id='line_1_12' title="bbox 237 1566 1333 1672; baseline 0 -29"><span class='ocrx_word' id='word_1_77' title='bbox 237 1597 351 1672; x_wconf 91' lang='lat' dir='ltr'><strong>quum</strong></span> <span class='ocrx_word' id='word_1_78' title='bbox 361 1567 521 1643; x_wconf 88' lang='lat' dir='ltr'><strong>nondum</strong></span> <span class='ocrx_word' id='word_1_79' title='bbox 532 1569 824 1669; x_wconf 89' lang='lat' dir='ltr'><strong>perspectaNessi</strong></span> <span class='ocrx_word' id='word_1_80' title='bbox 833 1569 957 1642; x_wconf 77' lang='lat' dir='ltr'><strong>fraude</strong></span> <span class='ocrx_word' id='word_1_81' title='bbox 967 1566 1204 1642; x_wconf 87' lang='lat' dir='ltr'><strong>eborumeam</strong></span> <span class='ocrx_word' id='word_1_82' title='bbox 1215 1596 1333 1670; x_wconf 81' lang='lat' dir='ltr'><strong>angu-</strong></span> 
     </span>
     <span class='ocr_line' id='line_1_13' title="bbox 239 1681 1332 1784; baseline 0.002 -30"><span class='ocrx_word' id='word_1_83' title='bbox 239 1699 358 1756; x_wconf 88' lang='lat' dir='ltr'><strong>ratum</strong></span> <span class='ocrx_word' id='word_1_84' title='bbox 375 1709 448 1756; x_wconf 88' lang='lat' dir='ltr'><strong>esse</strong></span> <span class='ocrx_word' id='word_1_85' title='bbox 472 1681 605 1755; x_wconf 87' lang='lat' dir='ltr'><strong>dixeris</strong></span> <span class='ocrx_word' id='word_1_86' title='bbox 624 1683 675 1779; x_wconf 89' lang='lat' dir='ltr'><strong>(v.</strong></span> <span class='ocrx_word' id='word_1_87' title='bbox 700 1682 788 1782; x_wconf 86' lang='grc'>662)</span> <span class='ocrx_word' id='word_1_88' title='bbox 812 1712 820 1754; x_wconf 89' lang='lat'>:</span> <span class='ocrx_word' id='word_1_89' title='bbox 840 1695 902 1767; x_wconf 74' lang='grc' dir='ltr'>Τοῖς</span> <span class='ocrx_word' id='word_1_90' title='bbox 918 1692 1039 1766; x_wconf 81' lang='grc' dir='ltr'>πειθοῦς</span> <span class='ocrx_word' id='word_1_91' title='bbox 1054 1692 1238 1783; x_wconf 77' lang='grc' dir='ltr'>παγχρίστῳ</span> <span class='ocrx_word' id='word_1_92' title='bbox 1251 1715 1332 1784; x_wconf 78' lang='lat' dir='ltr'><strong>cuy-</strong></span> 
     </span>
     <span class='ocr_line' id='line_1_14' title="bbox 240 1793 1333 1896; baseline -0.002 -28"><span class='ocrx_word' id='word_1_93' title='bbox 240 1803 432 1894; x_wconf 76' lang='grc' dir='ltr'>κράθεὶςέπδ</span> <span class='ocrx_word' id='word_1_94' title='bbox 456 1805 646 1896; x_wconf 76' lang='grc' dir='ltr'>προφάσει</span> <span class='ocrx_word' id='word_1_95' title='bbox 666 1804 768 1895; x_wconf 82' lang='grc' dir='ltr'>θηρός.</span> <span class='ocrx_word' id='word_1_96' title='bbox 787 1796 830 1867; x_wconf 93' lang='lat' dir='ltr'><strong>In</strong></span> <span class='ocrx_word' id='word_1_97' title='bbox 849 1793 963 1868; x_wconf 80' lang='lat' dir='ltr'><strong>verbo</strong></span> <span class='ocrx_word' id='word_1_98' title='bbox 979 1805 1126 1895; x_wconf 79' lang='grc' dir='ltr'>προφάσει</span> <span class='ocrx_word' id='word_1_99' title='bbox 1139 1794 1236 1867; x_wconf 86' lang='lat' dir='ltr'><strong>euim</strong></span> <span class='ocrx_word' id='word_1_100' title='bbox 1249 1820 1333 1868; x_wconf 84' lang='lat' dir='ltr'><strong>sen·-</strong></span> 
     </span>
     <span class='ocr_line' id='line_1_15' title="bbox 240 1907 949 2006; baseline -0.001 -27"><span class='ocrx_word' id='word_1_101' title='bbox 240 1933 297 1979; x_wconf 91' lang='lat' dir='ltr'><strong>sus</strong></span> <span class='ocrx_word' id='word_1_102' title='bbox 317 1908 428 1980; x_wconf 87' lang='lat' dir='ltr'><strong>inesse</strong></span> <span class='ocrx_word' id='word_1_103' title='bbox 442 1907 585 1978; x_wconf 88' lang='lat' dir='ltr'><strong>videtur</strong></span> <span class='ocrx_word' id='word_1_104' title='bbox 607 1939 615 1979; x_wconf 94' lang='lat'>:</span> <span class='ocrx_word' id='word_1_105' title='bbox 638 1934 754 1980; x_wconf 81' lang='lat' dir='ltr'><strong>suasu</strong></span> <span class='ocrx_word' id='word_1_106' title='bbox 771 1909 949 2006; x_wconf 83' lang='lat' dir='ltr'><strong>maligno.</strong></span> 
     </span>
    </p>

    <p class='ocr_par' dir='ltr' id='par_1_3' title="bbox 241 2015 1336 2454">
     <span class='ocr_line' id='line_1_16' title="bbox 290 2015 1330 2116; baseline 0.004 -28"><span class='ocrx_word' id='word_1_107' title='bbox 290 2017 391 2116; x_wconf 76' lang='lat' dir='ltr'><strong>Saepe</strong></span> <span class='ocrx_word' id='word_1_108' title='bbox 405 2019 515 2089; x_wconf 86' lang='lat' dir='ltr'><strong>nimia</strong></span> <span class='ocrx_word' id='word_1_109' title='bbox 526 2018 637 2088; x_wconf 91' lang='lat' dir='ltr'><strong>animi</strong></span> <span class='ocrx_word' id='word_1_110' title='bbox 652 2017 927 2116; x_wconf 82' lang='lat' dir='ltr'><strong>perturbatione</strong></span> <span class='ocrx_word' id='word_1_111' title='bbox 940 2017 994 2108; x_wconf 86' lang='lat' dir='ltr'><strong>fit,</strong></span> <span class='ocrx_word' id='word_1_112' title='bbox 1010 2033 1050 2090; x_wconf 89' lang='lat' dir='ltr'><strong>ut</strong></span> <span class='ocrx_word' id='word_1_113' title='bbox 1066 2015 1253 2090; x_wconf 90' lang='lat' dir='ltr'><strong>obscurius</strong></span> <span class='ocrx_word' id='word_1_114' title='bbox 1271 2044 1330 2092; x_wconf 91' lang='lat' dir='ltr'><strong>co-</strong></span> 
     </span>
     <span class='ocr_line' id='line_1_17' title="bbox 241 2127 1336 2228; baseline 0.002 -28"><span class='ocrx_word' id='word_1_115' title='bbox 241 2129 452 2228; x_wconf 81' lang='lat' dir='ltr'><strong>gitationem</strong></span> <span class='ocrx_word' id='word_1_116' title='bbox 470 2127 654 2202; x_wconf 88' lang='lat' dir='ltr'><strong>declarent</strong></span> <span class='ocrx_word' id='word_1_117' title='bbox 678 2131 977 2217; x_wconf 84' lang='lat' dir='ltr'><strong>interlocutores,</strong></span> <span class='ocrx_word' id='word_1_118' title='bbox 999 2130 1097 2202; x_wconf 86' lang='lat' dir='ltr'><strong>velut</strong></span> <span class='ocrx_word' id='word_1_119' title='bbox 1117 2129 1336 2204; x_wconf 87' lang='lat' dir='ltr'><strong>Philoctetes</strong></span> 
     </span>
     <span class='ocr_line' id='line_1_18' title="bbox 243 2240 1336 2341; baseline 0.003 -30"><span class='ocrx_word' id='word_1_120' title='bbox 243 2241 326 2312; x_wconf 84' lang='lat' dir='ltr'><strong>mali</strong></span> <span class='ocrx_word' id='word_1_121' title='bbox 342 2241 479 2339; x_wconf 88' lang='lat' dir='ltr'><strong>impetu</strong></span> <span class='ocrx_word' id='word_1_122' title='bbox 489 2255 696 2339; x_wconf 88' lang='lat' dir='ltr'><strong>correptus,</strong></span> <span class='ocrx_word' id='word_1_123' title='bbox 709 2267 823 2341; x_wconf 93' lang='lat' dir='ltr'><strong>quum</strong></span> <span class='ocrx_word' id='word_1_124' title='bbox 836 2267 883 2315; x_wconf 92' lang='lat' dir='ltr'><strong>ne</strong></span> <span class='ocrx_word' id='word_1_125' title='bbox 893 2240 1185 2341; x_wconf 87' lang='lat' dir='ltr'><strong>abNeoptolemo</strong></span> <span class='ocrx_word' id='word_1_126' title='bbox 1195 2242 1336 2315; x_wconf 87' lang='lat' dir='ltr'><strong>desera-</strong></span> 
     </span>
     <span class='ocr_line' id='line_1_19' title="bbox 242 2353 895 2454; baseline 0.003 -30"><span class='ocrx_word' id='word_1_127' title='bbox 242 2369 315 2444; x_wconf 88' lang='lat' dir='ltr'><strong>tur,</strong></span> <span class='ocrx_word' id='word_1_128' title='bbox 336 2368 498 2448; x_wconf 87' lang='lat' dir='ltr'><strong>metuens</strong></span> <span class='ocrx_word' id='word_1_129' title='bbox 516 2353 693 2426; x_wconf 83' lang='lat' dir='ltr'><strong>exclamat</strong></span> <span class='ocrx_word' id='word_1_130' title='bbox 710 2372 760 2447; x_wconf 71' lang='lat' dir='ltr'><strong>tv.</strong></span> <span class='ocrx_word' id='word_1_131' title='bbox 778 2357 868 2454; x_wconf 79' lang='lat'>758)</span> <span class='ocrx_word' id='word_1_132' title='bbox 886 2386 895 2426; x_wconf 79' lang='grc' dir='ltr'><strong><em>ε</em></strong></span> 
     </span>
    </p>
   </div>
   <div class='ocr_carea' id='block_1_3' title="bbox 405 2490 998 2672">
    <p class='ocr_par' dir='ltr' id='par_1_4' title="bbox 405 2490 998 2672">
     <span class='ocr_line' id='line_1_20' title="bbox 405 2490 998 2587; baseline 0.005 -25"><span class='ocrx_word' id='word_1_133' title='bbox 405 2490 468 2562; x_wconf 64' lang='lat' dir='ltr'><strong>risu</strong></span> <span class='ocrx_word' id='word_1_134' title='bbox 482 2510 534 2586; x_wconf 72' lang='grc' dir='ltr'><strong>γὰρ</strong></span> <span class='ocrx_word' id='word_1_135' title='bbox 552 2506 619 2568; x_wconf 81' lang='grc' dir='ltr'>αὕτη</span> <span class='ocrx_word' id='word_1_136' title='bbox 637 2505 684 2564; x_wconf 82' lang='grc' dir='ltr'><strong>διὰ</strong></span> <span class='ocrx_word' id='word_1_137' title='bbox 697 2514 796 2587; x_wconf 83' lang='grc' dir='ltr'>χρόνον</span> <span class='ocrx_word' id='word_1_138' title='bbox 815 2509 922 2574; x_wconf 78' lang='grc' dir='ltr'>πλάνοις</span> <span class='ocrx_word' id='word_1_139' title='bbox 935 2515 998 2574; x_wconf 77' lang='grc' dir='ltr'>ἴσως</span> 
     </span>
     <span class='ocr_line' id='line_1_21' title="bbox 408 2603 614 2672; baseline 0.005 -15"><span class='ocrx_word' id='word_1_140' title='bbox 408 2607 440 2666; x_wconf 81' lang='grc' dir='ltr'><strong>ὡς</strong></span> <span class='ocrx_word' id='word_1_141' title='bbox 459 2603 614 2672; x_wconf 79' lang='grc' dir='ltr'>ἔξεπλὴσθη,</span> 
     </span>
    </p>
   </div>
   <div class='ocr_carea' id='block_1_4' title="bbox 242 2728 1353 3619">
    <p class='ocr_par' dir='ltr' id='par_1_5' title="bbox 242 2728 1339 3062">
     <span class='ocr_line' id='line_1_22' title="bbox 242 2728 1339 2836; baseline 0.004 -30"><span class='ocrx_word' id='word_1_142' title='bbox 242 2735 303 2836; x_wconf 92' lang='lat' dir='ltr'><strong>qui</strong></span> <span class='ocrx_word' id='word_1_143' title='bbox 321 2733 436 2823; x_wconf 91' lang='lat' dir='ltr'><strong>locus,</strong></span> <span class='ocrx_word' id='word_1_144' title='bbox 457 2732 512 2806; x_wconf 89' lang='lat' dir='ltr'><strong>bis</strong></span> <span class='ocrx_word' id='word_1_145' title='bbox 529 2732 652 2831; x_wconf 91' lang='lat' dir='ltr'><strong>positis</strong></span> <span class='ocrx_word' id='word_1_146' title='bbox 667 2728 847 2833; x_wconf 84' lang='lat' dir='ltr'><strong>aliquibus</strong></span> <span class='ocrx_word' id='word_1_147' title='bbox 862 2737 1121 2836; x_wconf 91' lang='lat' dir='ltr'><strong>propositionis</strong></span> <span class='ocrx_word' id='word_1_148' title='bbox 1141 2735 1339 2834; x_wconf 83' lang='lat' dir='ltr'><strong>membris,</strong></span> 
     </span>
     <span class='ocr_line' id='line_1_23' title="bbox 244 2835 1339 2952; baseline 0.004 -32"><span class='ocrx_word' id='word_1_149' title='bbox 244 2848 324 2920; x_wconf 85' lang='lat' dir='ltr'><strong>luce</strong></span> <span class='ocrx_word' id='word_1_150' title='bbox 345 2844 543 2918; x_wconf 90' lang='lat' dir='ltr'><strong>meridiana</strong></span> <span class='ocrx_word' id='word_1_151' title='bbox 558 2845 691 2918; x_wconf 89' lang='lat' dir='ltr'><strong>clarior</strong></span> <span class='ocrx_word' id='word_1_152' title='bbox 708 2844 834 2919; x_wconf 90' lang='lat' dir='ltr'><strong>evadet</strong></span> <span class='ocrx_word' id='word_1_153' title='bbox 854 2877 862 2919; x_wconf 92' lang='lat'><strong>:</strong></span> <span class='ocrx_word' id='word_1_154' title='bbox 881 2859 947 2930; x_wconf 83' lang='grc' dir='ltr'>ἥκει</span> <span class='ocrx_word' id='word_1_155' title='bbox 968 2859 1028 2952; x_wconf 77' lang='grc' dir='ltr'><strong>γὰρ</strong></span> <span class='ocrx_word' id='word_1_156' title='bbox 1051 2853 1128 2931; x_wconf 75' lang='grc' dir='ltr'>αὕτη</span> <span class='ocrx_word' id='word_1_157' title='bbox 1147 2854 1201 2924; x_wconf 83' lang='grc' dir='ltr'><strong>διὰ</strong></span> <span class='ocrx_word' id='word_1_158' title='bbox 1227 2835 1339 2952; x_wconf 78' lang='grc' dir='ltr'>χρόνον</span> 
     </span>
     <span class='ocr_line' id='line_1_24' title="bbox 242 2960 1208 3062; baseline -0.001 -27"><span class='ocrx_word' id='word_1_159' title='bbox 242 2969 365 3044; x_wconf 78' lang='grc' dir='ltr'>πλάνοις</span> <span class='ocrx_word' id='word_1_160' title='bbox 376 2975 451 3044; x_wconf 73' lang='grc' dir='ltr'>ἴσως</span> <span class='ocrx_word' id='word_1_161' title='bbox 464 2961 477 3056; x_wconf 64' lang='lat' dir='ltr'><strong>l</strong></span> <span class='ocrx_word' id='word_1_162' title='bbox 491 2960 788 3058; x_wconf 80' lang='grc' dir='ltr'>ἐκπλησδησσμένη),</span> <span class='ocrx_word' id='word_1_163' title='bbox 805 2969 845 3047; x_wconf 83' lang='grc' dir='ltr'><strong>ὡς</strong></span> <span class='ocrx_word' id='word_1_164' title='bbox 859 2961 928 3062; x_wconf 81' lang='grc' dir='ltr'>(ἧκε</span> <span class='ocrx_word' id='word_1_165' title='bbox 946 2963 1016 3061; x_wconf 76' lang='grc' dir='ltr'>καὶ)</span> <span class='ocrx_word' id='word_1_166' title='bbox 1030 2967 1208 3048; x_wconf 82' lang='grc' dir='ltr'>ἑξεπλήσθη.</span> 
     </span>
    </p>

    <p class='ocr_par' dir='ltr' id='par_1_6' title="bbox 243 3071 1353 3619">
     <span class='ocr_line' id='line_1_25' title="bbox 291 3071 1339 3177; baseline 0.004 -35"><span class='ocrx_word' id='word_1_167' title='bbox 291 3071 457 3164; x_wconf 82' lang='lat' dir='ltr'><strong>Electra,</strong></span> <span class='ocrx_word' id='word_1_168' title='bbox 476 3071 626 3142; x_wconf 79' lang='lat' dir='ltr'><strong>fratrem</strong></span> <span class='ocrx_word' id='word_1_169' title='bbox 642 3071 723 3145; x_wconf 91' lang='lat' dir='ltr'><strong>luce</strong></span> <span class='ocrx_word' id='word_1_170' title='bbox 739 3072 810 3145; x_wconf 88' lang='lat' dir='ltr'><strong>lrui</strong></span> <span class='ocrx_word' id='word_1_171' title='bbox 819 3129 831 3165; x_wconf 92' lang='lat'><strong>,</strong></span> <span class='ocrx_word' id='word_1_172' title='bbox 844 3075 979 3148; x_wconf 89' lang='lat' dir='ltr'><strong>certior</strong></span> <span class='ocrx_word' id='word_1_173' title='bbox 989 3076 1080 3150; x_wconf 87' lang='lat' dir='ltr'><strong>sacta</strong></span> <span class='ocrx_word' id='word_1_174' title='bbox 1088 3130 1101 3169; x_wconf 94' lang='lat'><strong>,</strong></span> <span class='ocrx_word' id='word_1_175' title='bbox 1111 3102 1225 3177; x_wconf 91' lang='lat' dir='ltr'><strong>quum</strong></span> <span class='ocrx_word' id='word_1_176' title='bbox 1232 3100 1339 3151; x_wconf 89' lang='lat' dir='ltr'><strong>mor-</strong></span> 
     </span>
     <span class='ocr_line' id='line_1_26' title="bbox 245 3180 1341 3284; baseline 0.005 -28"><span class='ocrx_word' id='word_1_177' title='bbox 245 3201 347 3257; x_wconf 90' lang='lat' dir='ltr'><strong>tuum</strong></span> <span class='ocrx_word' id='word_1_178' title='bbox 360 3209 434 3257; x_wconf 90' lang='lat' dir='ltr'><strong>esse</strong></span> <span class='ocrx_word' id='word_1_179' title='bbox 454 3180 676 3273; x_wconf 88' lang='lat' dir='ltr'><strong>credidisset,</strong></span> <span class='ocrx_word' id='word_1_180' title='bbox 697 3199 799 3257; x_wconf 90' lang='lat' dir='ltr'><strong>tanto</strong></span> <span class='ocrx_word' id='word_1_181' title='bbox 823 3186 954 3284; x_wconf 78' lang='lat' dir='ltr'><strong>gaudio</strong></span> <span class='ocrx_word' id='word_1_182' title='bbox 968 3187 1133 3278; x_wconf 90' lang='lat' dir='ltr'><strong>ellertur,</strong></span> <span class='ocrx_word' id='word_1_183' title='bbox 1150 3205 1190 3260; x_wconf 93' lang='lat' dir='ltr'><strong>ut</strong></span> <span class='ocrx_word' id='word_1_184' title='bbox 1208 3189 1341 3261; x_wconf 86' lang='lat' dir='ltr'><strong>conlu-</strong></span> 
     </span>
     <span class='ocr_line' id='line_1_27' title="bbox 244 3294 1353 3398; baseline 0.004 -30"><span class='ocrx_word' id='word_1_185' title='bbox 244 3299 314 3370; x_wconf 87' lang='lat' dir='ltr'><strong>sius</strong></span> <span class='ocrx_word' id='word_1_186' title='bbox 330 3312 426 3369; x_wconf 89' lang='lat' dir='ltr'><strong>certe</strong></span> <span class='ocrx_word' id='word_1_187' title='bbox 445 3295 542 3395; x_wconf 86' lang='lat' dir='ltr'><strong>loqui</strong></span> <span class='ocrx_word' id='word_1_188' title='bbox 566 3294 723 3395; x_wconf 87' lang='lat' dir='ltr'><strong>putanda</strong></span> <span class='ocrx_word' id='word_1_189' title='bbox 737 3296 802 3387; x_wconf 91' lang='lat' dir='ltr'><strong>sit,</strong></span> <span class='ocrx_word' id='word_1_190' title='bbox 822 3323 858 3369; x_wconf 90' lang='lat' dir='ltr'><strong>v.</strong></span> <span class='ocrx_word' id='word_1_191' title='bbox 891 3300 1108 3375; x_wconf 81' lang='lat' dir='ltr'><strong>t28o-t282</strong></span> <span class='ocrx_word' id='word_1_192' title='bbox 1126 3298 1184 3394; x_wconf 91' lang='lat' dir='ltr'><strong>(de</strong></span> <span class='ocrx_word' id='word_1_193' title='bbox 1207 3298 1353 3398; x_wconf 85' lang='lat' dir='ltr'><strong>quibus&#39;</strong></span> 
     </span>
     <span class='ocr_line' id='line_1_28' title="bbox 243 3405 1341 3512; baseline 0.003 -30"><span class='ocrx_word' id='word_1_194' title='bbox 243 3407 404 3482; x_wconf 83' lang='lat' dir='ltr'><strong>versibus</strong></span> <span class='ocrx_word' id='word_1_195' title='bbox 414 3405 588 3480; x_wconf 88' lang='lat' dir='ltr'><strong>videedit.</strong></span> <span class='ocrx_word' id='word_1_196' title='bbox 602 3411 792 3506; x_wconf 85' lang='lat' dir='ltr'><strong>nostram),</strong></span> <span class='ocrx_word' id='word_1_197' title='bbox 806 3405 1341 3512; x_wconf 87' lang='lat' dir='ltr'><strong>idemquejudicandumeritde</strong></span> 
     </span>
     <span class='ocr_line' id='line_1_29' title="bbox 244 3518 728 3619; baseline 0 -27"><span class='ocrx_word' id='word_1_198' title='bbox 244 3518 384 3594; x_wconf 89' lang='lat' dir='ltr'><strong>duobus</strong></span> <span class='ocrx_word' id='word_1_199' title='bbox 397 3518 593 3619; x_wconf 79' lang='lat' dir='ltr'><strong>Antigonae</strong></span> <span class='ocrx_word' id='word_1_200' title='bbox 611 3519 698 3595; x_wconf 91' lang='lat' dir='ltr'><strong>locis</strong></span> <span class='ocrx_word' id='word_1_201' title='bbox 720 3551 728 3592; x_wconf 73' lang='grc' dir='ltr'><strong><em>ε</em></strong></span> 
     </span>
    </p>
   </div>
   <div class='ocr_carea' id='block_1_5' title="bbox 287 3634 1051 3858">
    <p class='ocr_par' dir='ltr' id='par_1_7' title="bbox 287 3634 1051 3858">
     <span class='ocr_line' id='line_1_30' title="bbox 287 3634 1051 3760; baseline 0.014 -30"><span class='ocrx_word' id='word_1_202' title='bbox 287 3672 326 3732; x_wconf 88' lang='lat' dir='ltr'><strong>V.</strong></span> <span class='ocrx_word' id='word_1_203' title='bbox 343 3673 403 3732; x_wconf 90' lang='grc'><strong>307</strong></span> <span class='ocrx_word' id='word_1_204' title='bbox 419 3695 425 3730; x_wconf 91' lang='lat'>:</span> <span class='ocrx_word' id='word_1_205' title='bbox 439 3676 502 3750; x_wconf 77' lang='grc' dir='ltr'><strong>Οὐχ</strong></span> <span class='ocrx_word' id='word_1_206' title='bbox 516 3679 577 3752; x_wconf 83' lang='grc' dir='ltr'>ὑμῖν</span> <span class='ocrx_word' id='word_1_207' title='bbox 591 3663 661 3755; x_wconf 62' lang='grc' dir='ltr'>ᾅδης</span> <span class='ocrx_word' id='word_1_208' title='bbox 674 3686 766 3756; x_wconf 82' lang='grc' dir='ltr'>μοῦνος</span> <span class='ocrx_word' id='word_1_209' title='bbox 780 3678 902 3760; x_wconf 78' lang='grc' dir='ltr'>ἀρκέσει,</span> <span class='ocrx_word' id='word_1_210' title='bbox 916 3686 978 3760; x_wconf 85' lang='grc' dir='ltr'>πρὶν</span> <span class='ocrx_word' id='word_1_211' title='bbox 992 3681 1024 3741; x_wconf 87' lang='grc' dir='ltr'><strong>διν</strong></span> <span class='ocrx_word' id='word_1_212' title='bbox 1043 3634 1051 3646; x_wconf 76' lang='lat'><strong><em>¹</em></strong></span> 
     </span>
     <span class='ocr_line' id='line_1_31' title="bbox 443 3773 1029 3858; baseline 0.015 -32"><span class='ocrx_word' id='word_1_213' title='bbox 443 3775 536 3837; x_wconf 80' lang='grc' dir='ltr'>ζῶντες</span> <span class='ocrx_word' id='word_1_214' title='bbox 549 3781 693 3852; x_wconf 80' lang='grc' dir='ltr'>κρεμαστοὶ</span> <span class='ocrx_word' id='word_1_215' title='bbox 705 3773 784 3838; x_wconf 78' lang='grc' dir='ltr'>τήνδε</span> <span class='ocrx_word' id='word_1_216' title='bbox 798 3774 928 3840; x_wconf 75' lang='grc' dir='ltr'>δηλώσηθ’</span> <span class='ocrx_word' id='word_1_217' title='bbox 943 3778 1029 3858; x_wconf 78' lang='grc' dir='ltr'>ὕδριν,</span> 
     </span>
    </p>
   </div>
   <div class='ocr_carea' id='block_1_6' title="bbox 247 3901 1344 4357">
    <p class='ocr_par' dir='ltr' id='par_1_8' title="bbox 247 3901 1344 4357">
     <span class='ocr_line' id='line_1_32' title="bbox 248 3901 1344 4010; baseline 0.008 -35"><span class='ocrx_word' id='word_1_218' title='bbox 248 3931 318 3976; x_wconf 81' lang='lat' dir='ltr'><strong>non</strong></span> <span class='ocrx_word' id='word_1_219' title='bbox 335 3903 417 3976; x_wconf 86' lang='lat' dir='ltr'><strong>sola</strong></span> <span class='ocrx_word' id='word_1_220' title='bbox 434 3901 544 3978; x_wconf 81' lang='lat' dir='ltr'><strong>ruorte</strong></span> <span class='ocrx_word' id='word_1_221' title='bbox 561 3905 834 4006; x_wconf 82' lang='lat' dir='ltr'><strong>defungeminr&#39;,</strong></span> <span class='ocrx_word' id='word_1_222' title='bbox 860 3909 971 3983; x_wconf 89' lang='lat' dir='ltr'><strong>idest</strong></span> <span class='ocrx_word' id='word_1_223' title='bbox 992 3911 1101 3984; x_wconf 88' lang='lat' dir='ltr'><strong>etiam</strong></span> <span class='ocrx_word' id='word_1_224' title='bbox 1122 3909 1200 3986; x_wconf 91' lang='lat' dir='ltr'><strong>aliis</strong></span> <span class='ocrx_word' id='word_1_225' title='bbox 1222 3911 1344 4010; x_wconf 87' lang='lat' dir='ltr'><strong>poenis</strong></span> 
     </span>
     <span class='ocr_line' id='line_1_33' title="bbox 247 4014 593 4088; baseline 0.006 -2"><span class='ocrx_word' id='word_1_226' title='bbox 247 4014 474 4088; x_wconf 77' lang='lat' dir='ltr'><strong>efficiemini:</strong></span> <span class='ocrx_word' id='word_1_227' title='bbox 587 4037 593 4048; x_wconf 86' lang='lat'><em>·</em></span> 
     </span>
     <span class='ocr_line' id='line_1_34' title="bbox 290 4157 1014 4258; baseline 0.01 -31"><span class='ocrx_word' id='word_1_228' title='bbox 290 4168 328 4232; x_wconf 86' lang='lat' dir='ltr'><strong>V.</strong></span> <span class='ocrx_word' id='word_1_229' title='bbox 349 4166 409 4229; x_wconf 78' lang='grc'><strong>483</strong></span> <span class='ocrx_word' id='word_1_230' title='bbox 424 4191 431 4230; x_wconf 90' lang='lat'>:</span> <span class='ocrx_word' id='word_1_231' title='bbox 446 4157 505 4226; x_wconf 74' lang='lat' dir='ltr'><strong>hll¹</strong></span> <span class='ocrx_word' id='word_1_232' title='bbox 519 4172 566 4228; x_wconf 79' lang='grc' dir='ltr'><strong>εἴπ’</strong></span> <span class='ocrx_word' id='word_1_233' title='bbox 582 4168 710 4248; x_wconf 71' lang='grc' dir='ltr'>ἀδελφῆς,</span> <span class='ocrx_word' id='word_1_234' title='bbox 732 4177 778 4234; x_wconf 78' lang='grc' dir='ltr'><strong>εἶθ’</strong></span> <span class='ocrx_word' id='word_1_235' title='bbox 795 4179 1014 4258; x_wconf 78' lang='grc' dir='ltr'>ὁμαιμονεστέρας</span> 
     </span>
     <span class='ocr_line' id='line_1_35' title="bbox 443 4262 987 4357; baseline 0.013 -33"><span class='ocrx_word' id='word_1_236' title='bbox 443 4275 490 4326; x_wconf 82' lang='grc' dir='ltr'>τοῦ</span> <span class='ocrx_word' id='word_1_237' title='bbox 502 4274 600 4335; x_wconf 75' lang='grc' dir='ltr'>παντὸς</span> <span class='ocrx_word' id='word_1_238' title='bbox 614 4273 676 4346; x_wconf 81' lang='grc' dir='ltr'>ἡμῖν</span> <span class='ocrx_word' id='word_1_239' title='bbox 686 4279 763 4339; x_wconf 73' lang='grc' dir='ltr'>Ζηνὸς</span> <span class='ocrx_word' id='word_1_240' title='bbox 777 4262 884 4353; x_wconf 68' lang='grc' dir='ltr'>ἑρκείου</span> <span class='ocrx_word' id='word_1_241' title='bbox 898 4284 987 4357; x_wconf 82' lang='grc' dir='ltr'>κυροῖ,</span> 
     </span>
    </p>
   </div>
   <div class='ocr_carea' id='block_1_7' title="bbox 0 0 1515 4804">
    <p class='ocr_par' dir='ltr' id='par_1_9' title="bbox 0 0 1515 4804">
     <span class='ocr_line' id='line_1_36' title="bbox 0 0 1515 4804; baseline 0 0"><span class='ocrx_word' id='word_1_242' title='bbox 0 0 1515 4804; x_wconf 95' lang='lat' dir='ltr'><strong> </strong></span> 
     </span>
    </p>
   </div>
  </div>
 </body>
</html>
