2990 4804
614 337 665 356 -
689 297 742 370 57⁴
761 339 818 374 -·.·-

171 434 483 650 purae440431dique
526 439 599 509 esse
649 379 1064 542 opin01·,'»respdnilet
1117 437 1261 512 Electra

189 556 262 626 Μ
290 567 293 573 ’
319 557 372 625 0:
684 571 709 618 ρ
1077 611 1090 642 ι
1259 598 1263 612 .

332 707 442 784 ἔξοιδα.
461 725 518 784 Πῶς
536 713 590 798 peip
609 720 675 795 οὐχί
686 742 693 790 ;
717 727 852 800 συμφορᾶς
867 692 920 800 ‘peip
939 719 972 776 ἂν
1019 729 1023 736 ’

333 815 426 881 ἔξωθεν
438 819 490 878 εἴην
503 825 555 871 τῶν
567 817 635 894 ἐμῶν
649 826 697 882 τῆς
712 818 855 894 φιλτάτης,
910 821 916 832 ‘
1002 817 1028 864 ὅ

170 968 353 1076 inquibus
369 973 505 1073 duplex
522 969 736 1074 ambiguitas
751 975 972 1076 conspicitur
992 992 1029 1049 et
1049 976 1262 1052 substantivi

172 1104 346 1190 συμφορᾶς,
366 1103 404 1159 et
423 1085 588 1188 adjectivi
613 1105 666 1174 τῆς
685 1097 850 1190 φιλτάτης,
877 1115 958 1190 quae
980 1087 1066 1162 dum
1095 1089 1262 1190 AEgistho

170 1200 215 1276 de
232 1217 352 1274 morte
369 1199 542 1272 carissimi
554 1201 675 1273 fratris
688 1199 910 1275 dicta'videri
924 1202 1022 1293 vult,
1035 1203 1107 1298 ipsa
1125 1220 1261 1296 sortem

173 1315 212 1386 in
230 1328 349 1385 mente
366 1311 476 1384 habet
495 1309 562 1382 sibi
583 1309 712 1420 cupide
728 1313 924 1414 expetitam
942 1313 1064 1394 fratris
1084 1297 1121 1386 et
1137 1315 1209 1387 vivi
1227 1332 1264 1388 et

160 1421 314 1498 'reducis
348 1440 385 1499 et
409 1420 561 1496 vindicis
587 1423 776 1530 scelerum.
820 1422 987 1526 AEgistho
1014 1412 1168 1519 iterum,
1200 1427 1261 1501 ubi

176 1535 332 1636 hospites
347 1535 437 1625 sint,
453 1535 724 1637 interrogante,
1027 1539 1028 1544 ’

333 1705 426 1793 ἔνδον,
441 1717 537 1798 inquit
549 1717 619 1792 illa,
634 1701 707 1798 poa}
717 1725 773 1802 γὰρ
782 1705 905 1802 adalivo)
917 1701 1105 1794 nanneto}
1129 1783 1134 1792 ⁴

172 1922 254 1996 quae
270 1895 318 1967 ita
336 1887 474 1994 aicepit
491 1894 676 1995 AEgisthus
685 1950 696 1986 ,
716 1897 817 1996 quasi
840 1894 1074 1996 significent:
1091 1925 1163 1974 eon
1182 1927 1265 1974 ece·-
1294 1981 1297 1988 ,

162 2025 257 2080 runt
295 2007 401 2107 (iter)
435 2007 491 2080 ad
524 2009 686 2080 amicam
723 2007 926 2109 lzospv'tem‚·
960 2033 1103 2084 sensum
1143 2026 1265 2088 autem

172 2119 318 2192 Electra
337 2119 510 2205 vultesse
523 2118 620 2195 hunc
637 2151 646 2192 :
664 2119 897 2222 conjecerunt
911 2125 1015 2223 (rem)
1035 2141 1164 2198 contra
1175 2125 1267 2200 'ami-

173 2257 250 2306 cam
264 2230 542 2331 hospitem.·Sed
555 2259 668 2332 quum
685 2236 828 2324 omnia,
847 2238 978 2334 quaein
996 2235 1273 2338 hocteolloquiu-

174 2370 254 2417 eum
272 2343 438 2442 AEgistlro
451 2343 564 2426 verba
582 2343 666 2425 iecit
680 2345 825 2452 Electra
839 2339 955 2420 ironia
969 2349 1068 2448 quasi
1081 2347 1263 2439 diffluant,

173 2457 271 2559 quod
299 2484 425 2532 amares
454 2455 602 2541 'inurunt'
628 2461 993 2562 qui's'emeltantum
1018 2460 1115 2536 hune
1144 2464 1266 2539 locum

175 2589 408 2669 aspexerunt,
443 2571 606 2672 singulos
641 2598 765 2646 versus
800 2583 880 2648 non'
913 2592 1116 2669 morantes,
1155 2575 1267 2652 finem

175 2699 386 2783 spectemus.
412 2683 531 2780 Quum
549 2684 733 2784 AEgisthus
754 2683 848 2760 sores
870 2688 1000 2788 pandi,
1025 2689 1266 2791 omnibusque

175 2795 320 2896 Argivis
336 2796 471 2870 Orestis
488 2821 620 2895 corpus
642 2795 805 2870 exhiberi
817 2797 963 2896 jubeat,
982 2798 1127 2873 Electra
1144 2800 1231 2873 dicit
1253 2833 1262 2876 ι

271 2991 274 2996 ’
341 2984 393 3036 Καὶ
407 2977 439 3043 δὴ
451 2977 566 3035 τελεῖται
577 2978 642 3034 τάπ’
657 2979 730 3055 ἐμοῦ.
745 2985 788 3052 Τῷ
800 2982 852 3057 γὰρ
863 2984 954 3057 χρόνῳ
1052 3043 1055 3052 ¹

339 3085 398 3134 νοῦν
411 3080 507 3154 ἔσχον,
520 3079 588 3132 ὥστε
599 3079 737 3155 συμφέρειν
749 3084 804 3140 τοῖς
814 3074 974 3155 κρείσσοσιν.

175 3253 266 3325 Satis
282 3252 328 3325 sit
345 3253 545 3325 Hermanni
565 3253 904 3352 interpretationem
922 3252 1079 3323 excitare
1104 3281 1113 3321 ι
1135 3279 1154 3320 ιι
1174 3253 1267 3322 Am-

177 3364 338 3465 biguitas·
350 3379 405 3437 est
420 3380 456 3437 et
474 3365 510 3436 in
529 3363 715 3465 prioribus
728 3363 869 3455 verbis,
889 3378 926 3434 et
943 3362 980 3434 in
999 3362 1064 3435 illo
1078 3379 1141 3447 τοῖς
1159 3373 1269 3464 κρείσ-ι

178 3509 277 3552 σοσιν.
303 3507 321 3546 ν
350 3478 429 3574 lpsa
461 3477 560 3548 enim
581 3477 676 3549 sores
702 3476 843 3574 aperire
869 3471 1027 3570 putanda
1052 3489 1123 3561 est,
1160 3474 1268 3571 idque

177 3579 343 3688 AEgistho
366 3586 479 3660 videri
504 3587 611 3672 debet
626 3587 746 3662 dicere
768 3583 823 3659 his
843 3583 965 3659 verbis
983 3616 992 3657 ε
1009 3596 1061 3660 καὶ
1081 3588 1120 3663 δὴ
1137 3595 1267 3660 τελεῖται

176 3708 249 3775 τάπ’
266 3713 358 3798 ἐροίη
370 3698 430 3772 scd
442 3699 573 3773 chorus
583 3713 844 3796 etspectatores
854 3695 922 3771 hoc
936 3722 1015 3770 eam
1026 3696 1160 3786 dicere,
1173 3697 1267 3770 velle

177 3813 294 3887 sciunt
309 3812 477 3885 ellectum
499 3835 589 3898 esse,
613 3825 787 3910 quantum
808 3808 846 3881 in
870 3835 908 3881 ea
931 3811 1055 3899 suerit,
1074 3825 1115 3880 ut
1132 3809 1271 3895 insidiis

178 3927 459 3998 circumveniret
482 3919 701 4022 AEgisthum.
730 3919 827 3994 ldem
856 3918 1041 4022 AEgisthus
1063 3929 1133 4008 τοὺς
1164 3933 1266 4024 κρείτ-

177 4069 266 4122 τονας
284 4063 319 4110 se
337 4054 373 4111 et
391 4033 702 4134 Clytaemnestram
719 4032 789 4107 dici
808 4050 911 4132 putet
931 4059 1072 4109 necesse
1089 4053 1159 4125 est,
1178 4059 1269 4134 quos

179 4146 310 4220 chorus
323 4147 475 4222 Oresten
489 4164 526 4221 et
542 4145 698 4244 Pyladen
709 4145 904 4244 significari
923 4147 1039 4219 novit.

227 4259 372 4361 Reliqui
392 4276 476 4332 sunt
504 4277 559 4336 ter
584 4274 784 4360 quatuorve
810 4259 848 4333 in
873 4257 1072 4336 Philocteta
1096 4257 1185 4356 loci,
1205 4259 1267 4362 qui
