2990 4804
686 304 884 376 ..ακ-

238 452 403 544 νριίσσων,
431 456 516 537 ἴσος,
538 447 687 541 ἐμφανής,
713 446 848 540 πρέπων,
870 444 990 528 δίκαιός
1008 452 1067 540 εἰμι
1089 467 1200 543 quam
1219 460 1330 544 nptia-

238 584 309 646 οον,
328 558 447 630 δίκαιόν
465 560 546 643 ἐστι,
564 558 668 653 πρέπει
684 561 754 626 τινὰ
774 578 807 625 c.
836 551 901 625 ins.
921 569 1126 628 constructa
1152 579 1332 652 reponere

237 668 378 740 maluit.
395 667 514 762 Quare
528 681 610 740 ἄκων
625 664 723 768 quod
737 666 882 768 nonnisi
895 665 939 740 de
952 669 1116 766 personis
1132 667 1201 741 dici
1218 669 1330 758 solet,

237 779 281 852 de
299 805 339 852 re
367 794 564 878 usurpatur
596 805 615 850 a
638 777 819 876 Sophocle
840 805 909 878 pro
933 786 1095 868 ἀκούσιος,
1124 778 1220 853 0Ed.
1249 780 1329 852 Col.

235 917 273 966 v.
294 895 359 968 981
377 921 385 964 ε
398 901 434 965 τό
450 899 479 992 γ’
491 894 565 964 οἷκον
575 907 718 991 πρᾶγμα.
735 887 791 963 lb.
805 917 843 965 v.
858 893 930 966 240
941 920 950 962 :
962 902 1057 991 ἔργων
1067 900 1200 966 ἀκόντων
1218 901 1333 980 ἃΐοντες

237 1007 349 1079 αὐδάν.
377 1003 436 1077 stc
463 1001 557 1075 bene
573 1002 737 1101 OEdipus
762 999 807 1074 de
831 1002 1050 1074 facinoribus
1073 1031 1092 1074 a
1112 1029 1148 1076 se
1174 1003 1332 1076 admissis

235 1114 350 1190 dicit:
370 1126 411 1190 roi
429 1123 460 1216 γ’
477 1126 552 1216 ἔργα
570 1147 627 1212 μον
644 1120 801 1188 πεπονθότ’
818 1121 882 1188 ἐστι
901 1121 1014 1210 μᾶλλον
1031 1122 1050 1193 ἢ
1067 1118 1253 1218 δεδρακότα.
1274 1116 1332 1190 Sic

241 1227 465 1302 locutionem
493 1243 598 1328 μεννᾷν
620 1234 700 1328 μέγα
731 1242 821 1324 σῶμα
847 1224 929 1326 (Aj.
960 1251 997 1299 v.
1026 1229 1144 1326 tneo)
1172 1229 1331 1317 invenit,

240 1365 355 1440 quum
372 1338 549 1429 hominis,
574 1339 637 1440 qui
655 1363 789 1436 magno
810 1361 965 1436 corpore
981 1336 1111 1431 utitur,
1132 1339 1270 1412 mentio
1292 1337 1333 1422 fit

237 1451 305 1549 (es.
326 1448 370 1524 de
388 1451 630 1548 pleonasmo).

286 1561 355 1652 Sed
368 1562 475 1634 etiam
487 1561 556 1634 alia
571 1584 667 1633 nove
678 1576 715 1634 et
725 1560 909 1634 subtiliter
922 1576 959 1634 et
972 1562 1112 1659 plenius
1126 1561 1332 1640 dicuntura

243 1672 436 1776 Sophocle.
461 1673 519 1748 Sie
533 1682 678 1771 αἱματόεν
702 1673 902 1775 (Λικύμν.
923 1676 1014 1773 524)
1030 1700 1106 1748 nott
1126 1676 1330 1773 sanguinis,

236 1787 298 1866 sed
315 1786 481 1860 rubentis
497 1786 626 1861 coloris
638 1811 781 1859 sensum
794 1786 934 1876 induit,
949 1789 999 1860 sic
1013 1797 1163 1890 ἀμφίρνος
1180 1788 1331 1887 (Truch.

236 1929 275 1976 v.
296 1903 402 2002 563),
425 1899 522 2002 quod
535 1900 727 2000 proprium
742 1900 955 1999 ancipitium
969 1926 1153 1974 armorum
1171 1900 1333 1976 voeabu-

236 2016 314 2089 lum
340 2031 411 2102 est,
441 2012 486 2086 de
505 2012 678 2085 rivalibus
704 2011 909 2086 adhibetur.
935 2024 1184 2094 Σννθνήσκοιν
1209 2014 1330 2114 (Phil.

238 2155 275 2202 ν.
297 2129 414 2225 11τῖ9)
433 2151 508 2198 non
523 2124 635 2196 simul
650 2125 881 2216 occumbere,
900 2125 961 2197 sed
974 2128 1086 2198 simul
1097 2155 1180 2198 cum
1192 2145 1333 2202 morteto

239 2239 294 2314 ad
307 2236 442 2338 iryeros
457 2236 677 2311 descendere
689 2235 879 2335 significat.
899 2237 1015 2310 Nimis
1036 2239 1211 2338 exquisite
1225 2239 1334 2314 etiam

239 2351 411 2426 dicuntur
438 2347 606 2450 nymphae
630 2353 835 2446 ἑκατόμποδες
854 2348 971 2442 (OEd.
992 2350 1070 2424 Col.
1096 2379 1132 2424 v.
1158 2353 1255 2452 722)
1278 2353 1333 2428 bis

240 2466 528 2565 quinquaginta,
540 2461 599 2534 sed
614 2460 929 2556 excusarividetur
939 2462 1126 2560 epitheton
1136 2465 1335 2538 similiPin·

239 2577 317 2651 dari
327 2576 451 2673 (Nem.
465 2599 550 2662 vtn,
565 2577 604 2647 8t
614 2576 628 2670 )
638 2573 821 2645 locutione
831 2575 892 2673 qni
902 2575 1077 2648 dedianlo
1088 2576 1334 2672 percurrendo

238 2683 317 2760 ltaec
339 2684 456 2756 dicit:
481 2686 528 2767 δὶς
546 2687 629 2756 δυοῖν
645 2685 764 2757 ποδοῖν.
790 2682 848 2757 Sic
871 2688 985 2785 δρόμον
1003 2690 1033 2760 d’
1053 2696 1168 2772 ἰσώσας
1187 2704 1224 2786 τῇ
1247 2695 1333 2790 φύσει

239 2809 279 2874 τὰ
296 2807 431 2901 τέρματα
450 2795 557 2868 nimis
575 2795 757 2868 subtiliter
775 2795 993 2896 praedicatur
1012 2797 1056 2871 de
1071 2798 1214 2891 Oreste,
1236 2800 1334 2900 quod

239 2909 348 3012 digne
364 2927 499 2990 statura
515 2935 576 2981 sua
595 2935 740 2982 cursum
753 2911 906 3010 peregit.
922 2911 1004 2984 Jam
1020 2910 1106 3011 quid
1123 2912 1166 2986 de
1182 2911 1237 2986 his
1250 2915 1336 2987 Tru·

241 3023 444 3096 chiniarum
462 3021 549 3094 locis
571 3022 642 3094 erit
659 3021 874 3113 dicendum,
894 3022 1025 3123 quibus
1052 3024 1239 3124 Sophoclis
1265 3009 1335 3100 hoe

240 3133 449 3208 subtilitatis
472 3132 629 3206 studium
646 3136 821 3208 maximas
841 3136 1007 3209 tenebras
1023 3136 1182 3210 offudit?
1199 3137 1332 3214 Trach.

239 3275 276 3324 V.
293 3251 357 3323 33l
377 3278 385 3320 ε
401 3252 478 3347 μηδὲ
497 3255 590 3328 λύπην
606 3255 680 3347 πρός
697 3246 728 3347 γ’
741 3255 813 3342 ἐμοῦ
827 3255 921 3332 λύπας
934 3255 1036 3336 λάὸοι,
1054 3265 1142 3322 etv.
1163 3252 1236 3324 9l2
1254 3280 1262 3321 :
1279 3263 1332 3326 nul

239 3370 295 3447 τὰς
317 3364 454 3447 ἄπαιδας
480 3368 511 3448 ἐς
539 3369 573 3434 τὸ
600 3367 701 3434 λοιπὸν
725 3366 850 3454 οὐσίας,
878 3358 923 3433 de
950 3360 1080 3461 quibus
1112 3361 1150 3434 in
1175 3360 1334 3437 editione

242 3490 365 3548 nostra
388 3475 628 3571 exposuimus.

290 3587 342 3658 De
355 3585 529 3658 sexcentis
541 3585 720 3658 nonnulla
736 3600 878 3658 tantum
891 3586 1079 3685 seligemus
1091 3585 1209 3689 hujus,
1225 3614 1335 3687 quam

241 3698 416 3787 diximus,
444 3694 651 3768 subtilitatis
676 3723 716 3772 ae
741 3699 977 3798 praegnantioe
1002 3701 1178 3799 exempla.
1205 3699 1331 3799 Antig.

241 3839 279 3885 ν.
294 3815 341 3886 88
356 3842 365 3883 a
383 3817 491 3913 Θερμήν
510 3813 556 3882 iul
576 3815 737 3909 ψυχροῖσιν
757 3814 887 3912 καρδίαν
900 3823 982 3910 ἔχεις
992 3865 1003 3900 ,
1022 3812 1200 3884 callidum
1218 3839 1279 3884 eor
1296 3815 1335 3884 in

241 3921 346 4000 rebus
366 3921 549 3994 horrorem
573 3923 831 3996 insatietatibus
850 3922 974 3996 babes.
988 3923 1084 3998 OEd.
1099 3923 1177 3998 Col.
1192 3949 1229 3994 v.
1246 3925 1332 4016 870,

243 4051 326 4136 ὄμμα
342 4042 461 4134 ψιλόν,
484 4031 607 4105 oculus
627 4039 833 4135 precariae,
856 4035 917 4135 qui
935 4036 1028 4108 male
1047 4035 1231 4108 honorum
1249 4060 1334 4110 ocu-

242 4147 363 4224 lorum
386 4147 495 4238 aciei,
523 4171 592 4246 qua
617 4169 653 4217 se
677 4148 838 4244 privarat
862 4145 1038 4246 OEdipus,
1059 4146 1136 4221 vice
1154 4147 1331 4247 iungitur.

242 4259 393 4360 Proprie
409 4258 454 4332 de
470 4256 558 4332 levis
570 4272 764 4333 armaturae
779 4258 956 4341 militibus
970 4257 1105 4336 dicitnr
1119 4267 1219 4358 ψιλός.
1234 4268 1333 4361 Τροφὴ
