2990 4804
167 257 229 294 ”
380 272 838 394 'ff-to-

193 431 251 540 Aj
279 459 314 506 v.
346 433 438 522 925',
461 428 611 508 Philo.
635 434 726 520 975,
747 431 805 531 Aj.
834 457 870 504 v.
895 431 1012 518 1005,
1039 429 1160 530 Eli.
1186 429 1285 516 035,

166 548 301 648 ’1135
329 545 387 617 Sic
410 553 470 646 γάρ
496 544 666 643 quintum
692 543 814 617 locum
842 559 959 635 tenet,
985 540 1082 617 Phil.
1109 569 1145 614 v.
1168 543 1287 615 4437:

193 655 298 758 καιρὸς
315 650 368 728 xit
392 664 484 740 πλοῦς
505 655 552 729 ὅδ’
579 662 690 756 ἐπείγει
708 665 780 756 γὰρ
800 665 882 729 κατὰ
897 662 1046 756 πρύμναν.
1067 641 1151 727 itte
1171 652 1289 725 inter-

192 769 281 843 dum
305 769 553 867 postponitur,
589 784 740 868 tumque
760 766 921 841 adverbii
951 769 1063 838 instar
1087 766 1232 856 dictum⁴
1246 764 1291 837 ad

192 908 307 954 unum
317 878 533 953 vocabulum
542 880 770 954 referendum
786 897 851 971 est,
861 879 956 972 Phil.
969 906 1006 952 v.
1022 883 1117 958 1030
1128 910 1136 951 :
1149 890 1288 972 τίσασθε,

192 993 316 1068 τόσοισθ’
333 1000 413 1068 ἀλλὰ
430 1009 472 1088 τῷ
491 1002 590 1094 χρόνῳ
607 1001 692 1067 ποτέ.
713 991 847 1067 Traclt.
864 1020 900 1064 v.
919 995 1015 1086 200:
1035 995 1200 1077 ἔδωκας...
1212 999 1291 1064 ἀλλὰ

193 1113 247 1179 σὺν
264 1115 363 1204 χρόνῳ
381 1116 492 1205 χαράν.
511 1105 566 1177 Gl.
588 1103 639 1176 ib.
655 1132 690 1177 v.
711 1109 797 1193 319,
820 1103 947 1202 Antig.
967 1131 1001 1175 v.
1022 1105 1108 1191 518,
1126 1107 1211 1190 775,
1229 1101 1288 1176 ΕΙ.

191 1243 228 1290 v.
252 1218 346 1306 403·,
365 1220 452 1306 107,
477 1205 588 1306 1001,
611 1215 706 1290 OEd.
731 1217 811 1290 Col.
834 1245 870 1290 v.
900 1219 1008 1291 1278.
1028 1214 1165 1312 Saepius
1182 1214 1291 1287 etiam

193 1327 351 1401 recurrit
366 1335 447 1425 ὅμως
460 1325 597 1400 (lictum
609 1335 798 1430 ὑπερόατῶς,
818 1327 876 1426 Aj.
892 1355 928 1399 v.
947 1329 991 1399 15
1007 1355 1016 1398 t
1031 1335 1071 1410 ὡς
1090 1332 1217 1421 εὐμαθές
1237 1357 1292 1399 σον

193 1449 250 1512 κᾶν
267 1455 402 1522 ἄποπτος
435 1443 475 1537 ᾗς
494 1448 587 1535 ὅμως,
613 1439 869 1544 ρώνηρῗγάκούω.
893 1437 989 1511 OEd.
1015 1437 1094 1510 Col.
1119 1437 1290 1510 901εὲπεὶ

193 1559 303 1651 ἐρημία
319 1583 355 1646 με
369 1561 415 1624 κεί
431 1549 638 1647 δίκαι’,όμως
654 1557 746 1650 λέγω,
760 1559 1010 1650 σμικρὸνσόθησι,
1031 1575 1072 1621 ac
1090 1547 1293 1646 praesertim

194 1690 278 1738 cum
303 1661 519 1761 participio,
542 1662 607 1733 Tr.
626 1687 662 1735 v.
690 1665 783 1736 1105
800 1671 920 1762 :myli
939 1662 1109 1763 παρασχὼν
1126 1665 1214 1734 κλῦθί
1234 1693 1292 1756 μου

194 1790 289 1848 νοσῶν
304 1781 439 1870 iper:
451 1785 559 1874 καίπερ
578 1790 686 1866 νοσῶν,
707 1780 787 1870 ὅμως
804 1780 904 1847 κλῦθι.
923 1770 1020 1845 OEd.
1044 1772 1123 1850 Col
1145 1798 1180 1842 v.
1198 1774 1289 1844 855:

195 1884 244 1986 ὑφ’
265 1886 309 1960 ὧν·
320 1893 380 1986 ἐγὼ
395 1897 521 1984 ταχθεὶς
538 1883 608 1960 τόδ’
629 1889 726 1985 ἔρδω,
747 1895 799 1959 καὶ
818 1891 960 1986 τύραννος
976 1893 1016 1958 ὢν
1033 1892 1114 1980 ὅμως
1127 1916 1171 1960 z:
1183 1894 1290 1985 καίπερ

195 2005 337 2098 τύραννος
351 2012 405 2091 ὥν,
421 2001 500 2097 ἔρδω
511 2005 605 2094 ὅμως.
619 1996 852 2068 -Similiter
864 2013 971 2096 atque
985 2005 1065 2094 ὅμως
1080 1994 1293 2081 adverbium

194 2117 283 2205 μόνον
297 2109 522 2181 construitur
541 2106 633 2206 apud
655 2107 894 2204 Sophoclem,
915 2106 1011 2181 OEd.
1032 2107 1111 2181 Col.
1132 2134 1166 2179 v.
1195 2111 1291 2206 7803

194 2234 349 2312 τοσοῦτον,
366 2228 508 2316 ἐνθανεῖν,
524 2229 625 2317 μόνον.
643 2218 770 2318 Antig.
786 2246 821 2291 v.
839 2223 932 2295 772:
948 2228 1067 2319 προθεὶς
1078 2231 1234 2312 τοσοῦτον,
1252 2228 1292 2303 ὡς

152 2339 157 2348 ’
197 2345 287 2431 ἄγος,
308 2342 410 2429 μόνον.

196 2495 200 2510 .
245 2445 425 2542 Trnjectio
436 2439 595 2515 adverbii
610 2454 658 2516 ἀεί
669 2443 847 2539 imprimis
857 2441 1056 2540 Sophoclea
1067 2460 1120 2516 est
1134 2475 1142 2514 :
1157 2441 1290 2517 Trach.

132 2625 134 2628 .
195 2582 231 2627 v.
260 2557 375 2627 l063:
402 2561 470 2626 ἀλλ’
496 2561 680 2636 ἀστένακτος
707 2559 785 2625 αἰὲν
809 2561 942 2650 ἑσπόμην
967 2573 1088 2639 κακοῖς.
1118 2553 1214 2628 OEd.
1245 2555 1291 2628 R.

195 2691 232 2736 v.
252 2669 343 2740 901:
372 2673 502 2736 τὰνσόιν
521 2673 672 2736 ἀθάνατον
703 2671 914 2763 αἰὲνοὶρχάν.
937 2663 1013 2762 Α].,
1033 2693 1069 2738 v.
1101 2669 1293 2741 1166ετὰν

196 2793 353 2854 ἄπαυστον
372 2781 436 2850 αἰὲν
455 2783 566 2872 ἐμοί...
589 2790 679 2868 ἄταν,
697 2792 766 2850 etc.

246 2890 403 2964 Articuli
438 2889 494 2963 vel
529 2889 760 2988 pronominis
791 2887 1066 2962 demonstrativi
1101 2892 1243 2992 longius
1273 2919 1292 2966 a

197 3001 443 3090 substantivo,
471 3002 528 3074 cui
541 3002 761 3100 junguntur,
779 3017 1005 3075 remotorum
1026 3004 1187 3102 exempla
1210 3019 1294 3078 sunt

198 3114 276 3188 haec
294 3144 303 3185 :
322 3113 433 3200 Phil„
465 3139 497 3184 v.
524 3114 590 3186 371
614 3140 622 3181 :
645 3119 660 3184 ὁ
680 3112 710 3184 δ’
736 3118 796 3186 εἶπ’
821 3100 1040 3197 ὀδυσσεός.
1063 3113 1121 3213 Aj.
1142 3142 1178 3185 v.
1199 3121 1290 3191 767:

199 3231 247 3302 ὁδ’
276 3233 361 3310 εὐθὺς
392 3229 422 3310 ἐξ
450 3227 541 3322 ἕδρας
570 3231 678 3319 πέμπει
710 3232 747 3320 με’
783 3255 832 3295 σοι
860 3230 986 3321 φέροντα
1013 3229 1104 3298 τάσδ’
1135 3233 1294 3312 ἐπιστολὰς

197 3352 371 3440 Τεῦκρος.
391 3333 488 3410 OEd.
509 3334 553 3405 R.
574 3364 609 3406 v.
632 3339 719 3409 1171
742 3364 751 3405 2
771 3337 835 3413 ἡδ’
852 3344 911 3406 ἔσω
938 3343 1077 3409 κάλλιστ’
1093 3345 1130 3410 ἂν
1152 3353 1229 3412 εἴποι
1247 3349 1293 3420 σὴ

198 3463 304 3553 γυνή.
330 3447 482 3538 Traoh.‚
506 3474 541 3519 v.
570 3450 693 3523 l050:
724 3449 787 3520 οἷον
804 3449 880 3520 τόδ’
903 3449 1069 3531 ἠδολῶπος
1088 3457 1198 3536 Οἰνέως
1221 3460 1273 3552 κόρ

198 3569 334 3657 καθῆψεν
358 3573 450 3655 ὥροις
473 3576 535 3643 τοῖς
553 3567 635 3655 ἐμοῖς
653 3549 785 3659 11ρινόων
808 3564 966 3657 ὑραντόν
990 3568 1291 3663 ἀρρίὸληστρον.

199 3676 293 3746 Tum
308 3668 521 3758 notandum,
539 3674 702 3768 quamvis
714 3669 782 3744 hoc
796 3697 870 3743 non
890 3671 925 3742 in
940 3669 1126 3768 hyperbati
1143 3674 1294 3771 provin·

199 3786 291 3859 ciam
322 3784 458 3869 veniat,
486 3781 594 3856 etiam
619 3783 654 3856 in
674 3784 745 3854 line
761 3781 944 3856 interdum
961 3807 1083 3856 versus
1103 3786 1295 3860 articulum

199 3897 309 3998 poni,
340 3893 401 3966 sed
430 3893 497 3978 ita,
529 3909 567 3964 ut
584 3892 642 3965 vel
661 3910 831 3994 sequente
845 3896 901 3967 vel
920 3896 1145 3994 praecedente
1163 3896 1294 3970 distin-

200 4011 319 4084 ctione
336 4006 462 4078 ultima
482 4005 614 4102 prioris
632 4030 753 4076 versus
771 4033 853 4104 pars
871 4022 907 4078 ct
925 4007 1115 4106 insequens
1136 4034 1241 4082 sensu
1258 4025 1295 4082 et

199 4119 411 4195 recitatione
449 4117 615 4214 proxime
647 4114 879 4215 colligentur.
910 4117 1065 4192 Articuli
1102 4119 1152 4191 sic
1184 4120 1294 4219 positi

201 4235 270 4308 tria
297 4229 396 4330 apud
425 4226 641 4326 Sophoclem
668 4230 832 4327 exempla
863 4230 1050 4330 leguntur,
1072 4230 1169 4306 oud.
1194 4231 1289 4320 cot,
