2990 4804
557 321 813 398 .-13-

157 475 277 536 rentes
295 457 395 557 (vide
412 455 544 557 Agam.
567 484 604 531 v.
634 461 732 558 488).
762 459 956 561 Sophocles
978 475 1102 536 autem
1118 462 1254 537 relictis

157 571 317 672 AEscbyli
340 571 530 670 ampullis,
555 596 668 673 quum
691 587 813 648 tamen
830 599 935 649 socco
955 572 1096 674 ingredi
1121 574 1251 665 nollet,

157 685 265 760 docto
282 683 442 786 quodam
455 682 654 760 verboram
675 700 711 758 et
727 683 868 758 delectu
891 701 927 760 et
953 687 1072 786 positu
1092 685 1253 762 medium

157 797 306 900 aliquod
319 814 444 871 tenere
462 796 610 872 studuit.
630 797 738 899 Cujus
750 796 803 872 rei
817 797 853 872 in
865 795 1029 873 oratione
1044 799 1252 874 continuata

156 907 230 984 duo
245 911 449 1010 praesertim
467 927 609 985 exstant
624 926 855 1012 argumenta,
869 912 1027 984 alterum
1041 912 1078 985 in
1097 911 1251 986 crasium
1288 905 1296 934 ‘

157 1023 276 1100 multo
307 1025 577 1124 frequentiore,
608 1051 718 1125 qnam
751 1024 813 1126 qui
846 1024 941 1123 apud
978 1022 1188 1122 AEschylum
1215 1040 1252 1099 et

157 1134 369 1234 Euripidem
383 1151 453 1227 cst,
463 1152 561 1227 usu¹,
578 1137 733 1210 alterum
748 1137 786 1209 in
799 1135 914 1210 vocali
925 1136 1115 1239 aliquoties
1128 1137 1165 1210 in
1179 1135 1252 1214 line
1276 1163 1282 1174 ·

158 1272 282 1321 versus
299 1248 384 1322 elisa
397 1248 555 1347 positum
570 1265 597 1320 ².
612 1250 709 1325 Talis
726 1249 826 1322 enim
839 1249 940 1322 elisio
954 1273 1141 1348 nunquam
1156 1249 1252 1348 apud

158 1358 390 1457 AEschylum,
409 1362 518 1434 semel
545 1361 641 1462 apud
660 1359 897 1459 Euripidem,
917 1361 1046 1460 saepius
1063 1360 1159 1461 apud
1184 1362 1252 1436 So-

161 1471 327 1572 phoclem
344 1473 406 1546 sed
429 1475 476 1546 ita
494 1473 642 1549 demum
663 1474 845 1566 occurrit,
863 1504 882 1548 a
897 1490 938 1547 ut
957 1475 1124 1575 proxime
1148 1501 1250 1576 prae-

159 1610 275 1683 gressa
293 1587 338 1660 sit
356 1587 623 1686 interpunctio,
643 1615 745 1688 quae,
765 1588 863 1690 quod
878 1615 1026 1688 pausam
1038 1590 1077 1662 in
1091 1615 1251 1687 pronun,

158 1697 286 1772 ciando
304 1699 384 1772 fieri
405 1699 525 1801 jubet,
546 1727 605 1790 ea,
625 1729 706 1804 qnae
723 1700 852 1775 deinde
872 1716 1088 1802 sequuntur,
1116 1701 1250 1808 arctius

159 1812 328 1912 conjungi
346 1812 505 1910 postulat
518 1817 543 1887 ³.
557 1845 576 1887 a
593 1813 751 1889 Sednon
762 1815 919 1887 multum
932 1814 1126 1888 tribuerim
1141 1813 1250 1889 Athe·

158 1927 252 1997 naeit
279 1926 506 2024 testimonio,
527 1926 621 2008 hanc
645 1953 725 2002 rem
755 1931 793 2001 in
812 1925 948 2034 labulas
979 1953 1075 2018 suas,
1095 1953 1182 2027 quas
1205 1928 1250 2001 ad
1359 1933 1362 1936 ’

157 2036 282 2110 Calliae
306 2038 489 2138 cujusdam
518 2039 733 2142 tragoediam
755 2042 1027 2142 grammaticam
1047 2066 1249 2117 accommo-

157 2148 280 2238 daret,
300 2150 521 2250 Sophoclem
539 2153 726 2254 recepisse.

205 2262 311 2355 Quod
328 2262 372 2336 ad
390 2265 579 2366 tragoediae
599 2264 761 2340 diverbia
779 2294 821 2340 ac
838 2266 1115 2365 responsionum
1134 2265 1249 2340 alter-

158 2374 341 2465 nationes,
357 2377 488 2478 quibus
507 2389 719 2476 στιχομυθίαις
735 2403 870 2452 nornen
886 2394 959 2471 est,
978 2377 1127 2470 attinet,
1143 2393 1249 2450 stata·

157 2487 255 2560 rium
272 2487 451 2590 quoddam
470 2505 524 2563 est
534 2479 973 2591 AEschylicolloquiorum
988 2495 1118 2590 genus,
1135 2503 1176 2564 ut
1188 2487 1249 2563 de·

158 2597 312 2673 clamare
328 2627 370 2673 ac
384 2600 451 2673 sibi
463 2655 473 2692 ,
487 2628 562 2676 non
580 2625 663 2676 cum
679 2602 794 2678 altero
810 2602 919 2677 verba
930 2602 1046 2677 lacere
1059 2599 1249 2677 videantur

157 2709 325 2785 dramatis
336 2738 502 2812 personae
510 2744 521 2806 3
534 2729 653 2788 attam
664 2715 874 2789 instabileet
883 2717 1090 2790 inconstans
1102 2715 1248 2813 Euripi·

158 2821 210 2896 dis
222 2842 294 2918 est,
312 2841 354 2899 ut
371 2825 706 2929 quatrdoqueetiam
722 2826 862 2901 inutilia
880 2843 915 2900 et
929 2827 1048 2900 inania
1059 2825 1247 2916 cliutiant,
1362 2898 1365 2905 ,

157 2937 387 3039 produntque
416 2941 586 3030 sorensis,
618 2939 734 3040 qualis
773 2954 853 3013 tum
892 2955 990 3030 erat,
1028 2935 1250 3039 garrulitatis

157 3049 303 3124 indicia.
328 3050 446 3126 Media
464 3051 631 3153 quaedam
649 3051 726 3144 hic,
746 3067 787 3123 ut
811 3050 964 3153 ubique,
987 3050 1250 3160 Sophoclis-‘ars

157 3179 223 3236 est.
245 3163 372 3240 Omnia
392 3167 489 3239 enim
507 3168 580 3268 ejus
597 3164 776 3268 colloquia
790 3180 862 3240 tam
880 3191 1000 3265 pressa
1011 3181 1095 3240 suut
1108 3158 1247 3255 verbis,

157 3291 233 3350 tam
250 3276 358 3353 densa
376 3281 584 3372 sententiis,
604 3294 645 3353 ut
662 3279 722 3353 alii
739 3304 782 3352 ex
797 3279 876 3352 aliis
891 3275 1030 3351 haerere
1046 3302 1088 3348 ac
1100 3275 1168 3346 sibi
1187 3274 1248 3346 in-

158 3388 273 3463 vicem
291 3392 428 3464 instare
451 3416 573 3466 versus
595 3389 800 3466 videantur.
823 3390 1086 3487 Responsiones
1102 3383 1249 3486 paribus

157 3502 353 3576 examinari
369 3501 593 3603 ponderibus
608 3491 649 3578 ac
665 3505 765 3606 quasi
783 3501 912 3574 librari
928 3499 1085 3592 diceres,
1109 3515 1150 3574 ut
1172 3523 1248 3573 non

157 3613 274 3688 solum
290 3642 461 3692 versuum
474 3642 667 3708 numerus,
683 3616 745 3690 sed
763 3613 872 3688 etiam
891 3639 1130 3714 personarum
1148 3635 1249 3687 sensa

200 3835 210 3862 ¹
225 3825 365 3905 Ellendt,
380 3829 506 3890 Lexicon
520 3827 711 3913 Sophocleum
722 3827 752 3888 in
762 3826 884 3888 articulo
896 3830 909 3886 t
922 3835 937 3894 ἡ
949 3836 980 3887 τό
986 3803 1019 3886 ¹ct
1032 3823 1249 3907 particulam,

159 3923 407 4097 I,²Pildiirihan.,
419 3972 456 4082 tle
472 4021 577 4084 Groecae
591 4024 698 4104 linguae
715 4019 862 4098 dialectis,
878 4019 984 4102 Opusc.
1000 4019 1028 4095 I,
1041 4041 1073 4100 p.
1096 4017 1167 4093 137,
1186 4037 1249 4098 sqq.

198 4115 210 4156 ³
224 4117 373 4200 Sophoclis
383 4119 439 4180 loci
450 4135 517 4184 sunt
531 4145 540 4181 t
554 4119 632 4181 OEd.
649 4119 739 4195 Rex,
752 4139 779 4181 v.
792 4122 844 4196 29,
857 4141 885 4180 v.
899 4119 971 4192 332,
981 4137 1011 4180 v.
1023 4114 1098 4191 785,
1110 4135 1139 4180 v.
1155 4112 1250 4190 1184,

156 4237 184 4276 v.
204 4215 378 4298 rarum,
394 4240 424 4280 v.
440 4219 539 4299 1017,
552 4217 631 4280 oua.
647 4215 725 4289 cot,
740 4236 768 4278 v.
786 4203 856 4290 rtet

198 4310 211 4357 ⁴
226 4313 398 4396 Athenaeus,
412 4314 432 4375 l.
446 4313 496 4396 X,
509 4339 540 4398 p.
558 4314 638 4391 4533
652 4314 689 4378 cf.
705 4313 909 4376 Hermannum
924 4313 987 4374 loco
1002 4312 1099 4373 citato.
