2990 4804
667 274 862 347 ..10-

215 408 342 482 sissent
349 403 542 504 ›Eschylus
556 421 593 480 ot
609 405 825 506 Sophocles,
848 421 888 480 ut
901 406 1049 507 integro
1061 406 1176 482 verbo
1192 410 1310 484 conti-

216 535 367 594 neretur
378 536 404 606 ¹,
423 515 614 618 Euripides
629 519 767 594 duabus
789 518 935 594 vocibus
948 520 1050 620 juxta
1067 521 1192 618 positis
1213 519 1312 595 huno

217 631 345 732 pedem
360 631 499 704 efficere
514 655 588 703 non
604 629 784 704 dubitavit
798 629 927 729 (Orest.
942 656 978 704 v.
993 635 1096 730 898).
1111 631 1310 706 Fatendum

219 761 337 818 tamen
356 759 431 834 est,
451 743 490 816 in
513 741 778 818 recentioribus
801 741 930 820 subulis
957 744 1073 842 ipsum
1097 744 1311 844 Sophoclem

219 883 295 931 non
312 855 401 930 illud
418 855 578 929 studium
596 856 768 958 illamque
783 857 1029 956 diligentiam,
1048 881 1118 956 qua
1136 874 1219 930 unte
1234 873 1313 931 erat

219 991 315 1058 usus,
332 969 534 1042 retinuisse.
552 970 722 1043 Leviores
735 970 833 1042 enim
848 969 906 1042 hic
924 969 1000 1042 illic
1015 970 1051 1042 in
1063 969 1313 1045 Philoctetaao

219 1080 329 1154 semel
356 1082 392 1152 in
414 1079 522 1178 Ajace
545 1079 718 1179 leguntur
740 1082 904 1172 numeri,
924 1105 1014 1180 quos
1038 1082 1188 1154 incuriae
1206 1082 1313 1154 nimis

219 1191 422 1266 festinantis
443 1206 561 1290 poetae
580 1191 709 1266 tribuit
727 1195 991 1266 Hermaeum&
1015 1192 1084 1265 Sed
1101 1193 1256 1266 maxima
1274 1194 1312 1265 in

221 1303 395 1402 Euripide
421 1305 644 1402 conspicitur
671 1305 910 1405 negligentia,
943 1307 1077 1406 quine
1105 1305 1314 1406 quantitatis

220 1414 366 1516 quidem
381 1412 598 1511 syllabarum
612 1417 694 1488 satis
711 1416 907 1490 observans
922 1418 1003 1488 suit.
1018 1417 1086 1510 Qui
1100 1439 1314 1516 quamsaepe

220 1526 415 1600 secundum
433 1525 620 1624 vulgarem
639 1527 948 1625 pronuntiationis
966 1553 1068 1599 usum
1092 1528 1217 1626 longus
1239 1527 1314 1624 syl·-

220 1637 318 1712 labas
331 1654 372 1710 ut
390 1637 528 1728 breves,
545 1635 672 1711 breves
684 1654 726 1710 ut
741 1638 867 1736 longas
878 1637 1177 1740 frequentaverit,
1197 1659 1316 1714 exem·

220 1751 290 1850 plis
304 1749 481 1850 congestis
493 1747 616 1826 docuit
628 1749 868 1849 Bernhardy³.

336 1973 366 2036 3.
380 1973 424 2034 tte
439 1973 591 2038 elementis
605 1973 710 2054 quibus
725 1973 902 2056 tragicorum
915 1971 1055 2034 dialectos
1068 1983 1191 2036 coastat.

189 2162 206 2240 s:
269 2135 444 2238 Tragicos
460 2163 535 2210 non
551 2162 694 2238 semper
711 2137 838 2210 atticos
853 2161 945 2226 esse,
970 2133 1031 2208 sed
1047 2129 1189 2209 dicendi
1203 2160 1315 2236 genus

222 2245 423 2324 condidisse
436 2275 479 2324 ex
493 2247 662 2323 omnibus
673 2247 747 2322 lere
760 2247 912 2322 Graeciae
926 2239 1086 2322 dialectis
1097 2245 1311 2338 conllatum,

217 2359 294 2461 jam
313 2359 409 2434 inter
426 2386 551 2434 omues
564 2362 709 2436 criticos
720 2375 860 2433 constat
872 2360 898 2431 ⁴.
916 2357 1045 2454 Quare
1062 2357 1131 2432 hoc
1145 2356 1315 2458 consequi

222 2473 376 2547 voluisse
390 2472 540 2574 putandi
554 2489 660 2563 sunt,
677 2487 717 2544 ut
730 2471 848 2572 poesis
862 2497 989 2544 eorum
1005 2470 1124 2542 verbis
1137 2498 1178 2542 ac
1190 2469 1316 2542 formis

222 2583 398 2656 inusitatis
418 2585 518 2654 velut
539 2580 737 2656 luminibus
755 2581 924 2656 distincta
945 2608 1054 2682 quam
1071 2580 1277 2681 longissime
1296 2607 1315 2656 a

222 2693 422 2797 quotidiani
437 2695 614 2768 sermonis
626 2720 691 2767 usu
706 2692 812 2767 absis.
827 2693 952 2793 ltaque
963 2691 1112 2766 vocibus
1125 2720 1223 2767 nunc
1235 2691 1314 2792 pri-

222 2807 289 2882 scis
314 2835 412 2882 nuuc
440 2831 533 2882 nove
557 2806 712 2882 inventis
734 2805 997 2911 antiquiorem,
1023 2803 1256 2906 grandiorem
1280 2817 1316 2878 et

222 2921 321 3020 quasi
343 2917 585 2994 horridiorem
602 2919 807 2994 orationem
824 2945 924 2990 suam
936 2915 1093 2990 reddidit
1112 2915 1313 3015 AEschylus.

223 3029 291 3104 Sed
310 3033 474 3130 quamvis
497 3030 628 3104 subulae
647 3031 692 3103 ab
709 3057 752 3105 co
772 3035 805 3102 iu
825 3029 944 3104 Sicilia
970 3028 1185 3127 conscriptae
1205 3054 1316 3102 voca-

224 3142 318 3215 bulis
333 3142 461 3215 Siculis
479 3143 538 3214 hic
558 3143 633 3214 illic
651 3145 879 3240 interspersae
896 3141 1071 3230 fuerint⁵,
1091 3141 1318 3241 frequentio-

225 3279 281 3328 res
300 3271 384 3331 sunt
402 3253 580 3345 ionismi⁶,
600 3252 731 3354 quibus
745 3253 884 3351 epicam
897 3250 1090 3349 quamdam
1103 3252 1317 3351 gravitatem

270 3569 404 3643 ¹Munk‚
422 3568 546 3640 Metrih,
560 3589 591 3649 p.
611 3568 681 3627 137.

269 3678 280 3703 ²
292 3667 499 3744 Hermannus,
517 3664 562 3725 El.
581 3664 671 3725 doctr.
685 3673 784 3738 metu,
797 3682 828 3743 p.
845 3660 921 3734 115,
934 3671 963 3722 et
972 3661 1001 3720 in
1011 3659 1139 3722 editione
1152 3659 1316 3724 Philoctetae

249 3785 346 3829 assim.

228 3787 252 3854 Β
269 3859 283 3898 ³
300 3860 350 3921 W
348 3855 599 3940 t'ssensclmstliede
615 3857 734 3938 Syntaae
740 3899 750 3927 ,
769 3877 797 3936 p.
822 3850 871 3916 14.
891 3851 1031 3934 Exempla
1048 3867 1115 3914 sunt
1127 3855 1223 3936 gissi,
1239 3853 1313 3916 Hec.

228 3981 257 4020 v.
274 3958 351 4029 100,
366 3955 453 4026 fidles,
468 3951 569 4034 Suppl.
588 3954 677 4025 1101,
690 3955 816 4024 uelatos,
830 3949 935 4010 Electr.
948 3971 977 4011 v.
992 3947 1063 4023 497,
1077 3961 1133 4014 etc.

269 4051 380 4112 tGuit.
398 4049 568 4123 Schneider,
583 4047 619 4108 de
635 4047 769 4107 Dialecto
782 4046 950 4128 Sophoclis,
962 4044 1058 4123 lenae,
1080 4041 1167 4110 1823.

271 4149 282 4188 ⁵
297 4148 467 4223 Athenaeus,
484 4148 506 4207 l.
521 4145 577 4221 IX,
592 4168 623 4227 p.
639 4139 711 4207 402.

271 4243 380 4305 ⁶Idem
401 4242 431 4304 in
452 4241 578 4328 pedestri
602 4237 782 4324 Thucydidis
806 4237 936 4302 oratione
954 4237 1084 4302 creuisse
1109 4238 1233 4316 scimus,
1255 4259 1318 4322 que
