2990 4804
676 315 876 386 ..θο-

231 474 393 540 πάντεσσιν
417 468 462 536 ἐπὶ
493 464 571 561 ξνῷρ
595 469 766 535 ἴσταται’
748 479 870 560 ακμῆς,
899 469 970 548 Ζεὺς
995 481 1132 560 κτυπῶν,
1164 475 1325 564 πάμὸωτις

233 575 457 672 (comparato
485 568 660 694 adjectivo
685 571 870 646 homerico
883 579 1066 676 βωτιάνειρα
1068 577 1116 673 ),
1113 589 1324 678 χρνσόνωτον

231 695 318 766 imao
339 681 568 780 (comparatis
588 667 748 756 verbisil
749 718 896 786 ρχτεριν
896 688 1064 785 ρνσήνιον),
1089 711 1171 787 quae
1190 691 1323 786 partim

231 797 271 869 in
292 819 523 870 communem
542 795 755 869 Graecorum
781 825 884 869 usum
906 797 1091 889 abierant,
1120 802 1251 898 partim
1274 803 1323 875 ita

231 923 336 981 erant
351 922 581 1005 comparatae,
599 923 640 978 ut
661 910 903 1009 unusquisque
920 906 1153 998 Graecorum,
1178 939 1223 985 ne
1240 931 1325 988 nato

230 1018 379 1120 quidem
399 1019 575 1107 Homero,
601 1043 658 1092 eas
682 1019 845 1093 invenire
865 1022 1056 1118 potuisset,
1083 1048 1126 1094 ex
1149 1023 1268 1097 studio
1287 1041 1324 1098 et

230 1133 433 1206 imitatione
450 1131 598 1202 Homeri
620 1157 779 1204 manasse
797 1135 1116 1206 affirmat-Tum
1141 1135 1210 1208 hoc
1232 1136 1324 1208 ridi·

231 1244 330 1333 cule,
359 1235 457 1342 quod
486 1242 711 1340 pleonasmos
737 1247 910 1342 quosdam
932 1248 968 1344 (ὁ
995 1257 1153 1321 κατθανὼν
1176 1256 1281 1343 νέκυς,
1307 1259 1323 1324 ὁ

230 1367 314 1430 κατὰ
337 1364 446 1454 χθονὸς
471 1361 579 1449 νέκυς,
607 1362 775 1451 τνρὸεῡσαι
803 1368 888 1457 τάφῳ
919 1358 1083 1455 (collutis
1108 1361 1323 1453 homericis,

230 1477 332 1552 νέκυες
354 1477 621 1559 κατατεθνειῶτες,
646 1483 682 1538 et
699 1472 944 1568 καταρθίμενοι),
966 1471 1022 1542 vel
1041 1470 1265 1545 tritissimum
1284 1475 1324 1545 il-

231 1580 309 1653 lum
326 1606 366 1652 ac
384 1579 612 1652 notissimum
633 1580 825 1650 transitum
839 1606 858 1650 a
872 1581 1005 1678 plurali
1023 1608 1176 1655 numero
1195 1583 1239 1656 ad
1255 1585 1324 1658 sin·

231 1692 396 1792 gularem
418 1690 465 1764 ah
486 1692 646 1764 Homero
665 1691 829 1763 sumsisse
847 1708 951 1790 putat
968 1693 1200 1792 Sophoclem.
1221 1695 1327 1790 Quod

233 1802 330 1876 idem
342 1799 509 1901 Euripidi
523 1802 658 1877 aemulo
671 1819 708 1876 et
722 1803 799 1874 aliis
813 1801 1028 1903 quibusdam
1042 1806 1208 1881 accidisse
1221 1807 1324 1882 lateri

232 1931 454 1991 coactusest.

281 2026 374 2122 Quid
404 2028 523 2100 dicam
548 2027 593 2100 de
621 2026 887 2101 homericarum
915 2031 1176 2103 sententiarum
1202 2033 1325 2105 imita-

233 2139 361 2215 tione?
386 2141 506 2234 Quum
529 2139 725 2238 Sophocles
749 2141 931 2239 scripserit
951 2171 959 2211 :
978 2149 1092 2241 ἐχθρῶν
1111 2145 1219 2244 ἄδωρα
1239 2149 1325 2245 δῶρα

230 2259 307 2328 κούκ
335 2263 487 2349 ὀνήσιμα,
515 2277 604 2326 num
622 2252 679 2325 cui
706 2269 790 2326 ante
819 2254 946 2327 oculos
974 2252 1136 2327 hahuisse
1162 2255 1325 2344 videatur

232 2364 330 2439 hunc
351 2391 521 2440 versum:

402 2519 499 2612 ἐχθρὰ
512 2531 540 2590 δέ
551 2555 596 2610 ρει
607 2540 654 2589 τοῦ
666 2530 756 2612 δῶρα,
774 2537 823 2589 τίω
835 2531 863 2590 tt
874 2557 918 2611 ριν
929 2535 954 2590 ἐν
964 2539 1043 2615 καρὸς
1053 2533 1136 2614 ai'op?

231 2707 351 2801 Quum
373 2706 556 2777 Teucrum
569 2703 782 2778 Salaminios
795 2729 876 2778 suos
890 2705 975 2779 lacit
987 2704 1100 2781 coh01
1102 2723 1261 2781 tantem:
1283 2721 1326 2805 μὴ

222 2835 373 2923 ιχιιιιαῖιιες
395 2829 449 2892 ἀντ
451 2821 602 2935 ’ἀνδρῶν
621 2824 715 2901 πέλας
740 2827 930 2939 παρίρτατε,
959 2821 1146 2920 numquis
1166 2819 1326 2893 homeri·

232 2957 315 3005 cum
333 2930 445 3004 illud:
437 2943 542 3027 ·ῼριοι
562 2936 776 3030 ἀπειλητῆρες,
802 2918 901 3028 Ᾰχαιῖ
902 2935 971 3027 dee,
991 2939 1089 3006 οὐκέτ’
1109 2921 1240 3029 Ᾰχαιοί,
1260 2959 1326 3006 ex-

230 3044 395 3144 pressisse
425 3038 643 3115 contendat?
674 3040 821 3135 Quid
795 3069 824 3113 ει
854 3043 1077 3144 Stephanus,
1110 3044 1326 3144 Sophoclem

231 3153 373 3229 duobus
388 3153 442 3226 his
457 3153 604 3228 senariis

481 3366 528 3384 ....
539 3333 617 3384 Κενὸν
626 3329 678 3407 χὰρ
690 3325 719 3383 oia
732 3322 824 3383 δίκαιά
839 3346 868 3381 σε

396 3433 495 3506 χωρεῖν
508 3425 676 3505 προσελθόντ’
691 3421 741 3480 ὧδε
753 3429 800 3479 σὺν
814 3421 900 3498 πολλῷ
914 3421 1019 3497 στόλῳ,

232 3621 377 3671 versum
391 3595 713 3669 celebratissimum
727 3595 921 3694 respexisse
935 3610 1055 3666 censet
1069 3625 1078 3666 ε

399 3764 518 3842 Δίσχρόν
535 3781 577 3817 τοι
592 3760 670 3841 δηρόν
682 3783 711 3818 τε
723 3765 817 3839 μένειν,
833 3767 917 3818 κενεόν
930 3782 959 3817 τε
971 3759 1095 3818 νέεσθαιῖ

232 3924 320 4017 Quis
338 3921 460 3994 eredat
481 3921 704 4020 Stephano,
697 3939 744 3994 ita
766 3923 915 3995 Homeri
940 3913 1087 4022 vestigia
1110 3919 1329 4023 Sophoclem

233 4060 402 4136 premere
414 4032 549 4124 videri,
566 4051 607 4104 ut
622 4032 763 4107 dicendi
782 4061 893 4134 genus
906 4033 1074 4109 omnihus
1085 4033 1138 4106 Gr
1139 4061 1220 4109 aecis
1233 4061 1330 4108 eom-

235 4172 345 4222 mune
367 4173 407 4220 ac
432 4148 705 4246 pervulgatum,
737 4174 811 4248 quo
835 4145 928 4220 idem
952 4146 1128 4245 adaptabis
1158 4122 1325 4239 insertur,

236 4259 399 4362 primum
412 4259 640 4354 affirmative,
662 4276 739 4334 tum
757 4260 941 4361 negative,
955 4285 1012 4336 ex.
1003 4286 1110 4361 0.gr‚-
1133 4277 1236 4365 χνῶτιι
1253 4268 1328 4336 κούκ
