2990 4804
621 317 815 390 ...265-

568 571 874 668 urrunnu.

1298 733 1321 778 a

176 769 215 810 uu
230 767 361 822 ouutnu,
377 767 434 820 Quo
450 763 602 808 suruoctts
616 759 881 820 conscensurus
897 759 990 822 suunt
1010 762 1126 808 resuta
1147 765 1269 815 testera
1296 787 1299 796 ‹

231 865 378 920 ruerant,
393 863 603 918 consternare,
618 861 1088 904 ennsunrrunieutontsttsrtottu
1102 863 1217 903 eastre.
1252 843 1266 931 Ἰ
1303 841 1306 844 ’
1386 835 1391 844 ’

228 1004 285 1076 Ex
297 1016 447 1102 septem,
463 1025 547 1103 quae
559 1019 765 1102 supersunt,
785 1000 914 1076 sabulis
926 1001 971 1077 de
983 999 1152 1093 duarum,
1169 985 1271 1077 Anat

179 1137 285 1217 genae
298 1130 333 1189 ct
349 1111 562 1188 Philoctetae
578 1111 785 1206 dumtaxat,
802 1139 876 1216 quo
890 1127 979 1190 actae
995 1115 1089 1206 sint,
1105 1125 1271 1216 tempore

179 1228 307 1328 liquet.
326 1228 391 1300 Eee
402 1226 504 1300 uelut
516 1242 697 1312 extremos
711 1226 901 1326 tragoediae
918 1223 1128 1325 Sophocleae
1140 1227 1270 1326 gradus

181 1338 355 1414 indicant.
374 1337 572 1412 Commissa
586 1353 640 1412 est
658 1339 759 1412 enim
776 1338 962 1427 omnium,
981 1361 1068 1437 quas
1081 1335 1267 1429 habemus,

180 1450 297 1549 prima
311 1450 496 1550 Antigone
515 1475 613 1524 anno
629 1475 663 1522 a.
679 1449 767 1521 Chr.
788 1475 827 1523 n.
842 1451 915 1527 tto
935 1448 1016 1549 (Ol.
1037 1444 1185 1542 txxxtr,
1206 1450 1267 1549 lt),

178 1585 248 1662 qua
267 1575 457 1658 tantopere
482 1559 710 1660 exsplenduit
729 1577 845 1660 poetes
861 1562 944 1651 ors,
961 1574 1007 1632 ut
1034 1585 1116 1634 cum
1138 1584 1270 1635 norem

180 1672 328 1772 collegis
345 1689 482 1770 prester
494 1671 665 1746 adversus
679 1674 817 1747 Samios
833 1688 1030 1744 crearetur.
1049 1673 1099 1743 Ut
1116 1671 1177 1742 tali
1191 1695 1266 1745 tnu-

179 1786 259 1858 neri
277 1801 422 1884 pcetum
440 1783 688 1882 praeficerent,
712 1781 782 1857 hoc
800 1781 935 1883 aliquid
954 1781 1049 1882 apud
1073 1784 1166 1855 cives
1184 1807 1272 1858 mo-

180 1897 294 1970 menti
313 1895 477 1968 habuisse
489 1892 647 1984 videtin,
667 1895 765 1994 quod
778 1895 907 1994 saepius
926 1895 963 1967 in
985 1893 1179 1967 hncscbula
1198 1896 1270 1966 im-

179 2009 337 2108 perantis
352 2009 466 2081 officia
484 2009 623 2106 optime
635 2031 672 2081 se
687 1995 789 2080 nosse
803 2005 975 2080 ostendit.
994 2007 1142 2079 Eminet
1160 2003 1268 2080 Anti·

179 2143 274 2219 gone
286 2116 471 2216 AEschylee
483 2117 637 2218 quadam
651 2120 826 2192 orationis
839 2118 996 2192 elatione
1008 2133 1044 2192 et
1064 2117 1268 2210 altitudine,

180 2257 248 2306 neo
263 2229 364 2304 abest
382 2229 467 2319 ille,
481 2255 602 2328 quam
625 2230 663 2302 in
678 2231 887 2328 antiquiore
904 2230 1080 2329 tragoedia
1094 2243 1273 2305 notarunt

181 2342 297 2417 critici
319 2355 456 2414 veteres
467 2368 482 2432 ,·
498 2339 715 2430 obscuritas,
736 2342 914 2414 aestatim
932 2341 979 2413 ab
997 2341 1102 2420 initio
1122 2341 1271 2416 moleste
1420 2431 1430 2446 .

181 2471 373 2528 structurus
398 2452 611 2551 implicatio.
637 2451 813 2528 Ultimam
839 2477 964 2526 eurum
976 2507 987 2542 ,
1009 2478 1091 2554 quae
1115 2465 1268 2546 exstant,
1331 2461 1333 2464 ’

179 2566 384 2641 fabularum
401 2582 439 2640 et
455 2563 635 2663 scripsisse
651 2579 688 2638 et
703 2563 855 2640 edidisse
863 2563 1018 2668 'videtur
1034 2563 1272 2642 Philoctetam

179 2707 213 2753 u.
233 2695 318 2754 ante
336 2677 426 2751 Chr.
451 2704 490 2750 n.
510 2677 582 2749 tot
600 2676 680 2775 (Ol.
708 2702 796 2770 xou,
825 2680 887 2778 3),
917 2680 1050 2770 tertio,
1077 2691 1271 2780 antequam

180 2791 256 2890 ipse
282 2790 379 2864 diem
406 2786 549 2876 obiret,
569 2794 667 2862 enno
690 2788 776 2886 (01.
805 2813 910 2877 xcnt,
941 2797 988 2880 2,
1014 2815 1047 2862 e.
1075 2805 1157 2863 ante
1180 2789 1269 2864 Chr.

179 2929 219 2976 n.
241 2904 356 3001 tot);
376 2901 416 2974 in
432 2898 679 3001 quequamris
691 2900 850 2998 plurima
867 2897 1041 3000 praeclare
1058 2901 1131 2973 sint
1142 2915 1180 2974 et
1191 2901 1272 2975 exi·
1337 2993 1345 3008 Ι

178 3015 265 3106 mie,
282 3031 404 3088 tamen
419 3013 633 3088 melicarum
644 3014 802 3112 partium
814 3013 1007 3114 exiguitas,
1026 3029 1062 3086 et
1078 3012 1272 3088 verbosum

179 3125 332 3200 subinde
356 3123 530 3200 orationis
552 3119 687 3197 flumen
711 3139 748 3198 et
771 3117 926 3226 neglecti
946 3123 1006 3198 hio
1027 3124 1103 3198 illic
1128 3128 1271 3202 numeri

177 3241 250 3340 jam
268 3239 452 3340 vergentis
471 3235 660 3339 tragoediae
677 3237 825 3338 vestigia
842 3235 1015 3336 produnt.
1041 3238 1177 3310 Geterae
1196 3253 1271 3311 tro-

179 3347 311 3451 goedioe
321 3353 531 3450 omnessere
544 3352 581 3424 in
596 3349 684 3423 belli
702 3349 996 3449 Peloponnesiaci
1012 3361 1173 3446 tempora
1184 3347 1271 3426 inci·

178 3458 1267 3562 disscvidcntur,cujusreieausaenohisafferendaesuntduee.

179 3575 299 3670 Quum
329 3575 434 3652 initio
454 3573 707 3672 Euripides-et
729 3571 924 3672 Sophocles
949 3573 1058 3646 trinis
1082 3572 1270 3648 ueletiam

179 3686 364 3786 quaternis
387 3687 491 3760 anuis
510 3710 621 3759 novas
643 3681 779 3756 fabulas
802 3682 970 3793 ederent,
994 3701 1142 3777 exorto,
1171 3687 1270 3788 quod

180 3800 560 3890 commemoravimus,
585 3796 706 3889 bello,
724 3821 837 3897 quum
858 3821 968 3898 penes
989 3798 1186 3896 populum,
1206 3801 1268 3900 qui

180 3908 445 3984 incredibiliter
468 3908 655 4009 tragoediis
671 3907 929 3999 delectabatur,
948 3924 1038 3984 esset
1055 3911 1266 4012 imperinm,

178 4018 277 4096 binis
298 4023 401 4098 anuis
424 4020 632 4121 tetralogies
647 4018 779 4110 dooere
795 4037 1021 4123 coeperunt⁸.
1040 4022 1132 4097 Nam
1156 4047 1269 4124 quum
1378 4061 1386 4108 1

224 4299 366 4384 ¹Miiller²
384 4299 497 4364 Griech.
512 4291 832 4384 zitaruurgosctictu,
848 4299 901 4379 11,
919 4299 997 4381 114,
1015 4301 1084 4365 115.

1112 4402 1132 4464 ὅ
