2990 4804
563 313 760 386 ..27-

115 533 139 622 S
156 531 194 602 4.
212 551 257 600 aa
273 550 367 636 sans
385 550 521 618 noman
535 554 601 607 vna
617 554 773 619 rariora
790 556 965 609 mononis
982 557 1071 613 trun
1083 559 1208 610 sorno·

379 716 395 730 Η
512 653 604 701 canu
624 655 811 704 vasrrcns.

164 795 192 866 l.
219 791 457 892 Aspasiopcsis.
477 793 578 868 lnter
595 794 764 869 idiomata
778 797 827 870 ab
846 799 1015 900 AEschylo
1031 802 1207 902 frequen*

115 921 185 978 tata
219 906 329 978 etiam
361 905 578 1006 aposiopesis
604 911 801 984 'reiectura
832 913 940 1014 Cujus
967 915 1085 1016 aliqua
1113 917 1207 1015 apud

115 1017 328 1118 Euripidem
342 1033 383 1089 et
394 1016 610 1117 Sophoclem
624 1024 785 1122 exempla
801 1042 956 1117 exstant,
971 1026 1031 1102 sed
1048 1051 1121 1100 non
1136 1044 1208 1102 tam

114 1129 349 1230 euphemismi
366 1151 467 1204 causa
485 1131 669 1232 abruptae,
690 1161 771 1235 quus
791 1136 902 1212 modo
926 1137 1089 1213 inchoata
1108 1153 1205 1229 erut,

112 1242 311 1332 orationis,
348 1267 459 1344 quom
487 1261 639 1344 propter
664 1248 819 1347 aliquem
848 1251 958 1321 animi
989 1267 1130 1324 motum
1154 1253 1209 1323 el·-

115 1355 197 1454 lipsi
217 1354 365 1429 all'ectae.
389 1356 503 1456 Hujus
521 1357 663 1456 generis
678 1377 761 1431 sunt
781 1358 907 1461 Antig.
928 1389 963 1434 v.
984 1363 1050 1437 tlt
1069 1392 1077 1435 a
1095 1369 1129 1438 σὲ
1147 1365 1205 1458 cbl,

114 1473 147 1544 al
162 1476 217 1547 'niv
230 1473 373 1544 νεύουσαν
391 1476 421 1555 ἒς
437 1472 528 1544 πέδον
542 1481 637 1573 κάρα,
653 1495 702 1544 sc.
720 1477 812 1574 λέγω,
831 1471 1072 1547 θῑιῖνῐΠίΙίνΓθς
1086 1476 1156 1550 lllae
1169 1476 1208 1549 ln

115 1579 269 1652 vetarrdo
295 1581 514 1671 locutiones,
544 1582 669 1682 Antig.
695 1609 733 1656 v.
763 1583 854 1660 577:
874 1596 916 1684 μὴ
941 1595 1047 1688 spreta
1069 1599 1129 1682 ἔτι,
1155 1613 1205 1661 sc.

114 1709 225 1766 aarum
245 1692 302 1765 vel
320 1700 449 1794 τρίὃετε.
469 1692 566 1766 0Ed.
583 1695 663 1768 Col.
680 1711 715 1769 v.
740 1699 828 1770 tttt
851 1727 858 1767 :
880 1722 899 1766 a
912 1697 1042 1796 Polyn.
1060 1710 1097 1773 Et
1121 1709 1202 1801 χρή,

116 1813 276 1901 θανοῦμαι.
295 1803 385 1876 Ant.
400 1814 446 1885 Μὴ
465 1813 502 1878 σύ
515 1812 547 1906 y'
567 1808 632 1904 (sc.
648 1821 747 1881 ταῦτα
762 1809 882 1906 εἴπῃς),
902 1816 970 1884 ἀλλ’
985 1817 1049 1907 ἐμοὶ
1067 1819 1168 1886 πιθοῦ.
1189 1839 1206 1878 ν

115 1914 207 1987 Phil.
228 1941 263 1986 v.
288 1922 396 1992 lYll:
419 1927 460 2002 ὡς
478 1929 539 1991 θεοὶ
559 1923 740 2021 ξυνίστορες,
764 1945 812 1992 sc.
834 1931 939 2014 ἔστων,
960 1929 1105 2021 γένοιντο.

164 2029 209 2100 ll.
234 2029 468 2128 Participinnr
494 2029 706 2104 substantivi
731 2033 825 2105 vices
847 2055 987 2132 gereris.
1009 2029 1119 2106 Aliud
1142 2059 1208 2106 au-

116 2157 219 2214 sterae
231 2140 400 2215 dictionis
417 2142 589 2217 indicium
600 2144 787 2243 participia
803 2162 885 2218 sunt
900 2144 1208 2220 substantivorum

116 2253 209 2328 vices
223 2255 404 2354 gerentia,
418 2255 537 2358 qualia
552 2256 665 2327 multa
679 2255 772 2354 apud
789 2251 1054 2354 Antiphontem
1066 2272 1103 2328 et
1114 2254 1209 2329 Thu·

117 2365 280 2462 tydidem
303 2368 587 2456 inveniuntur'3
613 2387 679 2440 nec
702 2366 831 2439 desunt
855 2365 948 2466 apud
972 2366 1205 2467 Sophoclem,

117 2477 245 2551 Trach.
259 2501 292 2548 v.
309 2481 381 2554 496
395 2510 404 2551 a
418 2488 453 2554 τὸ
469 2485 529 2580 γὰρ
539 2489 649 2554 ποθοῦν
662 2476 922 2578 (desideriam).
939 2478 994 2551 lb.
1011 2507 1046 2551 v.
1063 2482 1132 2554 llil
1148 2510 1156 2552 :
1174 2487 1208 2556 ed

115 2602 174 2694 γὰρ
188 2603 294 2676 vetitos
305 2593 485 2691 (juvenes,
499 2591 659 2690 puellos).
676 2589 772 2664 OEd.
788 2589 863 2665 Col.
878 2619 910 2663 r.
926 2599 1020 2669 tuto
1037 2622 1045 2664 ε
1063 2601 1097 2667 τὸ
1110 2600 1206 2688 θέλον,

116 2704 302 2803 cupiditas.
318 2704 372 2776 lb.
390 2731 424 2776 v.
444 2705 540 2781 4600
553 2722 630 2779 τπᾶν
647 2709 725 2805 δρῶν
739 2739 778 2770 -··
792 2721 880 2780 πᾶσα
894 2712 1087 2806 dri-mimate.
1103 2705 1209 2798 Quod

116 2815 234 2890 multo
252 2815 437 2890 nervosius
454 2831 508 2888 est
523 2814 664 2890 dicendi
684 2842 816 2916 genus,
838 2841 947 2916 quam
967 2816 995 2888 si
1014 2815 1208 2889 substanti·
1257 2897 1262 2914 ι

116 2955 203 3002 vum
218 2928 364 3001 verbale
383 2929 437 3002 vel
452 2927 668 3028 adjectivum
687 2929 923 3026 reposuisses·

161 3041 226 3112 lll.
243 3038 514 3113 Substantivum
529 3037 688 3126 verbale,
704 3062 787 3112 cum
800 3040 1070 3114 constructione
1085 3036 1207 3114 verbi.

115 3153 209 3226 Tum
223 3151 379 3225 notanda
396 3167 448 3224 est
458 3175 497 3224 ea
510 3142 782 3251 significationis
795 3152 958 3226 celeritas
971 3154 1082 3250 (τάχος
1095 3169 1210 3236 eucra-

114 3265 247 3364 μοσίας)
260 3289 330 3366 qua
343 3280 493 3337 austeras
506 3263 674 3337 dictionis
689 3279 852 3339 auctores
864 3269 875 3308 ³
888 3265 941 3336 vel
956 3263 1140 3363 adjectivis
1150 3265 1207 3338 vel

114 3377 343 3452 substantivis
366 3373 572 3449 verbalibus
589 3375 728 3449 easdem
746 3393 853 3476 atque
872 3373 955 3474 ipsis
975 3373 1096 3447 verbis
1114 3389 1209 3445 stiu-

114 3503 232 3561 cturas
246 3487 475 3587 impertiunt.
492 3487 550 3559 Sic
562 3487 653 3585 apud
669 3485 899 3585 Sophoclem,
914 3485 1046 3560 Trach.
1060 3511 1095 3558 ν.
1113 3489 1205 3561 553ε

112 3607 249 3702 λυτήριον
267 3607 391 3697 λύπιιμα
404 3633 446 3665 =
460 3621 520 3670 res
534 3623 619 3698 quae
641 3600 745 3672 solvit
761 3597 936 3671 dolorem.
960 3597 1015 3672 lb.
1040 3625 1076 3672 v.
1103 3603 1176 3675 872
1195 3626 1205 3670 a

113 3715 210 3814 δῶρον
227 3704 387 3813 liparis?
403 3721 437 3787 τὸ
455 3719 654 3807 πόμπιμον.
678 3708 804 3810 Antig.
831 3737 865 3782 v.
885 3713 981 3788 783:
1006 3722 1068 3786 Καί
1087 3720 1121 3785 ο’
1141 3719 1206 3786 οὔτ’

115 3836 314 3902 ἀθανάτων
354 3831 505 3928 φύξιμος
541 3827 654 3908 οὐδείς.
690 3819 1005 3899 substantivorum
1041 3823 1205 3926 exempla

156 4115 167 4143 ¹
188 4103 372 4186 Bernhardy,
390 4057 558 4164 Gescbiclrlo
573 4101 625 4164 der
634 4103 742 4183 griscia.
757 4101 878 4181 Passis,
895 4125 927 4185 p.
944 4099 1018 4164 757.

158 4207 171 4237 ⁸
193 4200 321 4276 Miiller,
334 4201 386 4274 lI,
401 4223 429 4282 p.
441 4201 513 4261 330.

157 4295 169 4336 ¹
190 4297 315 4374 Multa,
331 4295 385 4372 ib,
397 4293 450 4373 ll,
464 4319 494 4380 p.
508 4296 580 4363 363.
