2990 4804
687 321 885 390 ..lle-

240 473 491 559 exaequentur.
507 457 769 532 Verumtamen
787 457 832 530 de
849 458 911 531 illa
929 453 1187 557 repetitionum
1208 477 1334 558 tequa-

240 571 401 660 bilitate,
419 595 490 669 qua
505 583 695 668 tantopere
708 568 874 644 delectati
890 584 974 644 sunt
991 566 1108 642 Graeci
1118 621 1128 657 ‚
1145 583 1187 642 ut
1200 589 1239 642 ea
1257 593 1333 643 uon

240 682 358 755 solum
376 682 474 753 iniis
495 681 659 781 partibus
670 679 877 754 fabularum
888 731 899 772 ,
919 703 1001 782 quae
1018 677 1251 772 canebantur,
1272 676 1333 752 sed

240 819 334 892 saepe
351 795 461 867 etiam
478 794 516 867 in
535 793 619 894 ipsis
635 793 809 868 diverbiis
826 793 880 867 usi
896 794 970 867 sint
980 847 990 882 ,
1006 819 1065 866 res
1078 809 1131 867 est
1149 795 1188 868 in
1206 793 1334 894 vulgus

242 923 326 981 notu
339 922 366 978 ¹.
380 906 530 980 Paribus
548 933 636 981 vero
650 907 789 980 vicibus
801 931 925 982 versus
940 907 1036 980 inter
1049 929 1238 1006 personas,
1253 929 1334 1006 quae

242 1019 517 1122 colloquuntur,
538 1035 614 1093 tum
640 1019 796 1092 maxima
818 1019 1032 1096 distributos
1052 1043 1128 1094 esse
1150 1018 1333 1110 ridemus,

241 1157 356 1234 quum
373 1147 541 1207 constans
553 1131 623 1205 sibi
640 1149 748 1233 atque
765 1132 953 1233 aequabilis
972 1133 1182 1206 animorum
1194 1129 1338 1206 allectio

241 1247 350 1319 estin
374 1245 519 1346 dialogo
535 1246 741 1343 conspicua.
767 1245 873 1340 Quod
888 1245 1063 1346 quoniam
1087 1245 1216 1344 saepius
1241 1241 1337 1343 apud

242 1357 452 1457 AEschylum
476 1373 514 1432 et
530 1357 748 1456 Sophoclem
767 1360 889 1433 locum
916 1358 1049 1434 habere
1074 1374 1236 1449 constat,
1259 1379 1336 1432 non

242 1471 452 1560 miraberis,
474 1471 511 1542 in
537 1470 683 1543 Electra
701 1470 763 1569 (ut
786 1470 954 1568 exemplo
979 1471 1081 1564 utar)
1104 1470 1262 1568 integras
1281 1470 1337 1541 la-

241 1581 338 1658 bulm
355 1599 492 1683 partes,
512 1579 643 1681 quibus
659 1596 697 1654 et
708 1579 871 1654 diverbia
890 1596 926 1653 et
941 1581 1068 1656 melica
1083 1577 1334 1668 continentur,

168 1759 171 1764 .
242 1693 552 1792 antistropharum
577 1692 652 1767 ritu
681 1692 750 1766 sibi
773 1691 993 1794 respondere
1017 1694 1071 1792 (v.
1099 1693 1335 1783 tuus-tutti

243 1823 281 1881 a
303 1805 574 1902 raas-unp.

473 1941 517 2044 ‘'¹''
584 1957 612 2020 5.
628 1957 673 2020 De
687 1960 861 2042 tragicorum
875 1961 999 2041 syntaxi.

292 2106 422 2180 Facilis
448 2120 502 2178 est
529 2132 570 2179 ac
595 2105 732 2179 solutus
755 2103 963 2205 Euripideae
988 2106 1166 2182 orationis
1192 2131 1336 2194 cursus,

244 2235 353 2322 atque
369 2218 414 2294 ad
434 2217 656 2292 comicorum
677 2218 860 2294 levitatem
880 2219 927 2291 ita
948 2216 1137 2320 proclivis,
1155 2233 1195 2291 ut
1212 2218 1339 2318 saepis-

244 2333 333 2408 sime
349 2327 395 2406 ad
410 2328 587 2434 pedestris
604 2330 780 2408 orationis
802 2329 973 2410 viciniam
992 2328 1196 2404 descendat.
1220 2329 1339 2406 Verba
1374 2318 1380 2406 l

245 2446 319 2548 ejus
337 2460 504 2520 nontam
522 2469 589 2516 usu
612 2441 771 2530 rariore,
791 2467 900 2546 quam
916 2439 1055 2516 sollerti
1079 2442 1340 2542 compositione
1370 2407 1377 2507 l

1365 2512 1373 2598 l
1432 2577 1437 2587 ,

245 2557 429 2660 poeticum
440 2549 633 2654 quemdam
648 2553 811 2626 colorem
827 2551 995 2628 videntur
1006 2551 1182 2642 duxisse³.
1199 2551 1339 2652 Diony-

246 2668 317 2742 sius
342 2691 426 2740 eum
453 2663 549 2740 inter
578 2661 706 2764 politae
732 2653 946 2766 ssoridaeque
976 2661 1146 2740 dictionis
1177 2680 1341 2740 auctores

247 2781 376 2870 refert,
392 2803 553 2880 quorum
566 2772 770 2876 expeditior
782 2775 880 2852 sitae
891 2774 1004 2878 magis
1015 2773 1131 2850 fluens
1142 2775 1338 2852 verborum

223 2885 493 2990 'complexust
517 2883 703 2984 AEschylea
728 2887 804 2960 lere
829 2887 929 2962 nulla
951 2903 1006 2962 est
1030 2889 1209 2988 syntaxis,
1227 2913 1340 2990 quum

248 2999 560 3106 propositionibus
577 3015 700 3073 utatur
716 3014 777 3074 aut
790 2999 1024 3104 copulativis,
1038 3017 1099 3074 aut
1118 2998 1341 3100 disjunctivis

248 3130 309 3188 aut
331 3107 582 3199 adver-sativis,
606 3109 722 3184 rarius
745 3109 943 3186 causalibus
962 3127 998 3186 et
1016 3108 1339 3202 conditionalibus,

251 3242 397 3328 totaque
412 3223 485 3326 ejus
503 3220 718 3324 compositio
734 3220 856 3296 verbis
875 3223 995 3322 potius
1008 3249 1102 3300 nove
1119 3239 1156 3298 ct
1173 3219 1343 3298 audacter

249 3335 441 3442 duplicatis
454 3350 491 3410 et
508 3331 546 3407 in
564 3333 781 3414 immensum
795 3331 1076 3410 excurrentibus
1091 3361 1201 3440 quam
1216 3333 1343 3410 verbo·

249 3477 334 3526 rum
352 3443 626 3529 continuatione
643 3437 780 3524 nitatur
798 3462 875 3522 arte
891 3447 1015 3524 sacta⁵.
1035 3449 1078 3524 ln
1096 3465 1170 3522 tam
1185 3446 1343 3548 abrupto

251 3579 287 3640 et
299 3579 340 3637 ut
360 3561 408 3634 ita
424 3558 543 3634 dicam
557 3560 743 3664 praecipite
756 3555 897 3634 dicendi
910 3583 1043 3660 genere
1057 3557 1342 3662 frequentissima

251 3692 337 3748 sunt
364 3671 548 3773 asyndeta,
574 3672 819 3772 aposiopeses,
847 3667 1103 3764 anacoluthiae,
1128 3671 1340 3771 pleonasmi.

297 3920 304 3946 ¹
321 3909 501 3982 Hermann,
518 3906 564 3969 El.
588 3906 663 3966 (loct.
685 3920 779 3982 metu,
797 3928 826 3986 p.
847 3907 916 3965 718.

296 4004 440 4089 'Mtillen
458 3999 574 4065 Grieclr.
589 4000 897 4084 Literuturgesclticlla
905 4045 915 4073 ,
935 4000 986 4077 ll,
1001 4023 1029 4082 p.
1047 4003 1098 4066 76.

296 4097 463 4184 ³Longiu·,
479 4106 540 4182 rupi
553 4085 659 4176 Ῠψους,
674 4121 701 4160 c.
716 4120 765 4162 ιι.

295 4196 367 4256 tue
382 4199 514 4278 Compos.
530 4193 712 4274 Verborum,
728 4218 753 4262 c·
765 4217 861 4278 xxn¹5
879 4195 917 4260 cl.
934 4191 1308 4278 trut,uher.,111,s‚t.

297 4291 309 4332 ⁵
323 4293 443 4373 Mutet,
457 4291 508 4370 ll,
525 4313 555 4374 p·
574 4295 645 4361 107.
