2990 4804
1012 117 1037 169 κ.
1057 84 1061 104 l
1152 105 1162 148 Ι.

681 349 731 366 ...
758 312 803 382 16
828 349 877 368 .-

121 509 124 518 .
233 443 384 544 lacessiti
398 443 466 519 sibi
483 443 550 545 ipsi
565 444 659 520 acuti
674 469 748 520 esse
765 446 997 521 videbantur.
1012 445 1160 522 Talibus
1173 472 1258 523 cum
1271 450 1327 524 ci-

104 583 109 594 ’
234 556 339 632 vibus
352 581 432 630 rem
447 555 603 632 sibi-esse
616 584 731 660 quum
742 560 1114 661 sentiretSophocles,
1127 559 1328 635 doctoute-

234 669 345 744 batur
369 668 537 744 dictionis
561 671 735 765 artificio,
753 688 795 746 ut
812 697 955 774 semper
981 674 1077 747 inse
1100 674 1324 774 inquireret,

110 775 116 798 '
228 801 375 882 'semper
393 782 701 882 circumspiqeret,
717 809 859 884 semper
879 783 933 858 sui
959 785 1067 884 ipsius
1091 801 1182 859 esset
1198 784 1325 859 obser-

236 923 335 970 vans.
361 895 504 970 Cola-et
523 897 789 972 enuntiat-iones
810 898 860 972 sic
882 897 951 972 alia
974 925 1017 972 ex
1041 898 1119 972 aliis
1136 897 1324 989 nectebat,

233 1024 274 1081 ut
291 1009 329 1082 in
347 1033 472 1084 earum
485 1009 728 1082 commissuris
739 1037 781 1083 ac
796 1007 897 1110 quasi
915 1011 1115 1100 verticulis,
1131 1009 1233 1083 velut
1245 1036 1333 1110 gra-,

232 1119 338 1196 dibus
361 1121 561 1226 insisteret,
581 1147 655 1226 quo
673 1121 843 1195 distincte
854 1111 975 1222 cingis
994 1149 1035 1196 ac
1055 1122 1327 1220 circumscripte

231 1259 289 1308 eas
305 1250 463 1309 notaret.
483 1234 588 1308 Unde
603 1223 743 1310 hastilis
762 1236 823 1309 illa
841 1252 876 1325 et
890 1225 1109 1310 inconcinna
1126 1233 1327 1325 verborum

233 1347 458 1423 constructio
473 1346 597 1437 fluxit,
619 1349 715 1422 inter
731 1345 920 1448 prosari0s⁸
931 1349 1112 1448 imprimis
1126 1345 1327 1446 Thucydidi

230 1460 379 1560 propria
392 1476 421 1548 ¹,
447 1469 541 1558 quae'
560 1457 772 1559 longissime
796 1460 843 1531 ab
870 1458 1033 1533 absoluta
1062 1461 1123 1531 illa
1149 1487 1190 1534 ac
1221 1485 1326 1556 paene

230 1571 391 1645 oratoria
409 1569 596 1670 Euripidis
618 1569 719 1644 abest
733 1571 977 1646 rotunditate.
997 1574 1049 1644 lta
1067 1571 1165 1644 enim
1187 1570 1326 1670 Sopho·

231 1683 302 1758 cles
325 1682 446 1757 verbis
476 1699 579 1783 aptus
608 1700 661 1756 est
687 1711 727 1757 ac
758 1709 918 1784 pressus,
944 1699 985 1756 ut
1015 1683 1166 1773 nescias,
1200 1675 1325 1758 utrum

230 1819 287 1870 res
298 1802 477 1887 oratione,
487 1823 532 1869 an
544 1795 654 1870 verba
663 1797 850 1872 sententiis
861 1795 1199 1871 illustrentu1·¹.Sed
1210 1821 1324 1897 quum

230 1908 422 1984 artificiosa
447 1907 607 1984 dictione
635 1908 762 2010 poesin
789 1897 808 1984 a
830 1910 970 2011 vulgari
996 1933 1163 1984 sermone
1193 1907 1323 1984 distin⁴

230 2014 411 2124 guenda‘m
428 2048 502 2095 esse
519 2033 681 2122 putaret,
703 2023 740 2098 in
756 2023 825 2114 hoc
843 2024 986 2124 fastigio
1003 2023 1325 2098 eam'constituisse

194 2173 198 2182 ·
229 2133 387 2224 videtur,
409 2134 472 2207 ahi
493 2134 637 2209 difficile
655 2153 729 2228 est,
750 2129 900 2232 modum
919 2153 1059 2224 tenere,
1080 2162 1148 2210 nec
1164 2136 1269 2210 latuit
1287 2135 1324 2208 id

230 2248 480 2322 Hermannum
492 2251 518 2338 ³,
532 2247 596 2349 qui
615 2247 799 2323 interdum
813 2273 899 2323 eum
909 2251 984 2350 jam
997 2249 1035 2322 in
1053 2265 1195 2349 partem
1212 2247 1324 2344 incli-

230 2386 320 2435 nare
334 2361 453 2453 illam,
469 2387 552 2462 quae
565 2362 719 2462 propior
730 2363 776 2435 sit
792 2361 902 2452 vitio,
916 2362 1111 2461 perspexit.

280 2475 321 2546 ln
336 2473 547 2546 universum
563 2473 734 2571 Sophocli
753 2474 964 2546 suauitatem
981 2489 1160 2547 austeram
1176 2499 1217 2546 ac
1230 2473 1322 2547 soli·

230 2581 327 2675 dam,
346 2585 462 2686 qualis
470 2601 527 2668 ‚est
547 2585 711 2684 generosi
728 2585 823 2672 vini,
838 2609 915 2658 non
929 2583 1072 2658 dulcem
1089 2602 1195 2686 atque
1211 2585 1323 2660 deco-

231 2713 327 2772 ctam
353 2694 563 2772 tribuerunt
587 2695 705 2770 critici
729 2697 903 2770 veterest.
921 2697 974 2768 De
990 2697 1166 2771 orationis
1183 2699 1322 2770 suavis-

231 2809 318 2882 sima
329 2809 505 2910 elegantia
520 2807 814 2899 ctaccurationo,
831 2809 888 2882 cui
901 2807 1106 2882 acerbitatis
1117 2811 1163 2882 sit
1174 2807 1323 2909 aliquod

231 2937 558 3021 temperamentum
573 2919 775 2996 admixtum
788 2920 882 2995 bene
899 2920 1035 3022 judicat
1047 2922 1238 3022 Dionysius
1251 2923 1322 2994 Ha·
1386 2999 1388 3004 λ

230 3033 495 3108 licarnassensis
505 3036 532 3125 ⁵,
546 3035 609 3137 qui
619 3035 779 3109 medium
793 3035 1065 3134 compositionis
1077 3033 1322 3109 characterem

230 3145 263 3221 ci
284 3146 452 3250 assignat.
476 3145 633 3221 Laudem
651 3156 824 3250 λογιότητος
846 3147 958 3248 (quod
978 3146 1073 3221 haud
1089 3148 1192 3223 lacile
1209 3148 1321 3222 latine

231 3275 348 3334 vertas
377 3258 612 3361 vocabulum)
637 3286 712 3335 uno
732 3285 797 3334 oro
824 3260 857 3334 ei
883 3261 1061 3360 impertiit
1087 3261 1319 3361 antiquitas⁶,

231 3373 412 3482 traxitque
426 3373 576 3473 apiculae
594 3373 751 3475 (μέλιττα)
766 3398 988 3474 cognomen,
1008 3372 1106 3475 quod
1119 3371 1165 3447 de
1181 3373 1322 3474 optimo

274 3718 283 3745 ¹
301 3705 421 3782 Mllller,
438 3704 487 3781 ll,
503 3728 533 3787 p.
551 3707 623 3768 396.

273 3816 284 3842 ²
299 3805 345 3866 Sic
358 3803 459 3864 Cicero
475 3802 603 3883 loquitar
616 3803 652 3866 dc
667 3802 856 3886 Thucydide,
873 3803 909 3864 de
922 3802 1015 3885 Orat,
1031 3803 1083 3878 Il,
1098 3826 1123 3863 c.
1140 3823 1209 3864 xm.

273 3898 285 3934 ³
302 3899 431 3960 Praelatio
442 3900 479 3960 ad
493 3899 681 3974 Trachinias,
697 3924 727 3982 p.
745 3920 812 3962 xur.

272 3996 399 4080 ⁴Diog.,
415 3995 472 4069 IV,
486 4018 525 4056 xx
540 4019 548 4059 ι
562 4000 600 4054 Οὔ
613 3999 719 4076 γλύξις,
734 3996 788 4056 ott·
803 3999 956 4075 ὑπόχυτος,
969 4000 1035 4056 ἀλλὰ
1047 4005 1185 4080 Πράμνιος.

272 4090 377 4154 tvea.
395 4096 494 4174 script.
517 4091 659 4166 Censura,
681 4092 772 4166 ll,x1
796 4115 804 4154 :
824 4097 949 4173 Σοφοκλῆς
969 4103 1014 4175 μὲν
1030 4099 1059 4153 οὐ
1078 4101 1200 4177 περιττὸς
1222 4095 1320 4163 ἐντοῖς

229 4191 326 4272 λόγοις,
344 4193 400 4250 ἀλλ’
416 4193 568 4272 ἀναγκαῖος.
586 4189 632 4250 Cf.
647 4190 684 4251 de
697 4189 832 4270 Compos.
845 4190 949 4268 Verb.,
963 4214 987 4253 c.
1001 4211 1086 4252 xxiv.

272 4285 285 4324 ⁶
299 4288 460 4365 Plutarch,
473 4287 509 4350 de
519 4287 603 4350 Glcr.
617 4285 700 4369 ltu,
714 4306 746 4369 p.
760 4287 833 4362 308,
847 4284 877 4348 d.
