2990 4804
527 269 547 364 ἶ
620 298 816 368 -oo-

171 447 244 508 iot.
264 430 450 508 Nonnulla
465 429 510 505 de
530 433 705 528 oexcentis
731 432 886 508 excitare
911 434 993 508 satis
1011 435 1057 508 sit
1077 465 1086 506 ι
1124 441 1265 512 ἐπεισπλ-

173 577 267 639 πτειν,
287 549 492 642 έπιμπίπτειν,
506 555 762 646 συγκατοικτίζω,
781 551 985 646 ὐπεκτρέπιιν,
1009 553 1184 636 ἒπεντύνειν,
1208 552 1267 635 ε’ξε·

172 662 346 753 πρίδεσθαι,
387 668 643 758 άπαναιρείσθαι,
680 668 971 760 συμπαρίστασθαι,
1005 666 1263 760 προσιμθαίνειν,

174 775 410 874 ι’ξανευρίσκειν,
432 775 668 868 ε’ξεπεύχεσθαι,
690 776 897 867 ε’πεμθαίνειν,
915 757 1108 846 ἐκκατανύειν
1117 826 1129 862 ,
1145 769 1263 869 (ΟΕά.

73 913 79 922 ·
170 884 252 957 Col.
267 911 302 954 v.
319 886 414 957 1558
424 909 505 954 cum
523 898 609 957 noto
631 882 855 982 Hermoooi)
870 887 1034 974 ε’ξαπιδεῑυ,
1054 882 1104 956 ib.
1120 887 1266 958 ν.1648

170 993 320 1091 (ochoi,
342 999 561 1090 ίδιοναύτοῡ
583 1002 713 1080 πολλαῖς
745 1007 965 1097 κεχρῆσθαι
994 1014 1082 1082 ταῖς
1105 1003 1268 1097 προσθέ-

172 1108 314 1201 σεσιν),
339 1111 529 1192 ἐξανιστάναι
538 1116 769 1201 ,συνεκσώζειν,
780 1125 815 1180 et
825 1109 1019 1184 cumtm'esi
1032 1108 1161 1209 primm
1176 1133 1268 1208 proe·

171 1220 375 1318 positionis,
390 1218 447 1319 Aj.
459 1248 494 1291 v.
506 1223 659 1303 948τπῶς
671 1222 750 1299 δῆτα
759 1223 842 1294 τοῦδ’
855 1229 968 1322 ἐπεγγ
978 1229 1084 1317 ελῷεν
1101 1230 1138 1302 ἂν
1154 1231 1265 1308 κάτοι;

174 1331 281 1402 etEl.
301 1357 336 1403 v.
355 1334 418 1405 831
442 1329 546 1414 υκαι)
564 1337 635 1427 ἐμοῦ
648 1339 817 1428 τακομένας
829 1340 944 1428 μᾶλλον
966 1338 1190 1430 έπεμθάσει.

224 1444 314 1516 Item
322 1449 1162 1544 magnusnumerusestcompositorumeorum,
1184 1468 1267 1545 quae

174 1555 294 1652 primo
305 1555 473 1629 membro
482 1554 757 1654 praepositionos
763 1565 821 1657 πρό
831 1571 867 1630 et
878 1561 943 1648 ξύν,
955 1557 1009 1630 vol
1021 1565 1126 1651 αὐτός,
1141 1556 1198 1630 vel
1206 1573 1266 1632 πᾶν

174 1663 322 1740 habent.
353 1666 516 1761 Quorum
539 1668 620 1756 illo,
641 1691 722 1766 quae
745 1694 829 1740 cum
851 1677 910 1769 πρό
932 1668 1129 1766 composita
1156 1683 1264 1759 sunt,

164 1801 218 1852 *eo
234 1796 319 1852 suot
335 1779 508 1854 notabilia
520 1834 532 1870 ,
562 1776 660 1879 quod
686 1779 895 1878 praepositio
921 1807 1021 1852 suom
1038 1779 1113 1853 vim
1140 1794 1263 1868 tenet,

175 1916 243 1964 neo
256 1892 411 1982 omittit,
432 1908 472 1964 ut
487 1891 617 1990 soepios
633 1888 675 1962 fit
690 1890 784 1990 opud
801 1891 889 1968 alios
906 1892 1122 1990 scriptores;
1144 1915 1268 1966 exom-

176 2001 226 2101 pli
257 2003 369 2104 gratia
398 2034 407 2076 ε
433 2021 581 2105 προτιμᾷν
615 2003 702 2102 (Τι’.
736 2030 771 2074 v.
808 2005 916 2100 722),
943 2007 1161 2104 προδιδάσκειν
1188 1999 1262 2102 (ib.

175 2141 212 2187 v.
233 2117 335 2214 752),
359 2127 488 2218 προτίειν
504 2115 648 2216 (Antig.
667 2142 703 2188 v.
721 2117 801 2214 21),
822 2123 996 2217 προκλαίειν
1010 2117 1090 2210 (Τι’.
1111 2143 1148 2189 v.
1163 2116 1264 2212 964),

176 2241 251 2297 tum
268 2231 437 2327 προδείδειν
455 2229 560 2326 (άπαξ
574 2227 674 2328 λεγ.),
688 2237 927 2328 προφαίνεσθαι,
948 2229 1177 2327 προκήδεσθαι,
1196 2259 1268 2326 προ·

176 2341 344 2434 δεικνύναι,
363 2348 488 2441 πρόνοια
506 2337 623 2437 (ΟΕῑί.
642 2338 690 2411 R.
705 2364 740 2411 v.
761 2338 873 2436 978),
890 2353 959 2410 etc.

225 2451 407 2526 Vocabulo
425 2478 507 2524 cum
525 2457 616 2535 αὐτός
637 2450 835 2548 composito
855 2479 864 2522 ε
881 2455 1041 2544 αὐθέντης,
1056 2453 1265 2551 αὐτάδελφος,

177 2571 384 2666 αὐτόγνωτος,
406 2572 608 2657 αὐτοκτονεῖν,
638 2569 868 2659 αὐτόνομος,
901 2567 1097 2663 αὐτόχειρ,
1118 2569 1265 2664 αὐτογέν-

175 2711 282 2774 νητος,
313 2686 534 2779 αὐτόπρεμνος,
557 2683 826 2777 αὐτοσφαγής,
859 2701 1016 2775 quorum
1043 2676 1199 2772 plurimo
1226 2676 1264 2748 in

176 2791 357 2890 Antigono
377 2791 560 2891 leguntur.

226 2901 409 2977 vocabula
422 2929 503 2976 cum
517 2918 577 2976 πᾶν
589 2898 807 2998 composito,
825 2897 953 2996 saepius
967 2895 1147 2971 subtiliori
1159 2896 1267 2999 signi·

176 3014 283 3090 ficato
313 3015 497 3116 insignio:
528 3015 749 3105 πανδίκως,
776 3017 993 3110 πάγκλαυτος,
1018 3021 1263 3114 πανάμερος,

177 3134 356 3227 παννύχιος,
388 3139 589 3229 πάγκαρπος,
618 3131 826 3226 πανώλεθρος,
851 3130 1059 3217 παντελής,
1074 3128 1264 3227 πάνδυρτος,

177 3250 361 3344 πάνσυρτος,
391 3249 612 3340 πάμψυχος,
642 3245 854 3336 πάμπολις,
882 3245 1099 3332 πάμμηνος,
1124 3244 1266 3336 ποίμφλε-

178 3387 264 3450 κτος,
284 3372 371 3443 ele„
388 3369 458 3426 etc.

224 3463 505 3540 Innumerabilia
519 3462 629 3538 verba
643 3479 728 3536 sunt
739 3487 821 3536 cum
834 3461 1092 3561 praepositione
1102 3468 1155 3536 οὐν
1167 3485 1266 3534 com·
1381 3551 1386 3562 ρ

177 3579 289 3676 posita
299 3635 310 3668 ‚
330 3603 491 3679 quorum
502 3604 542 3651 eo
561 3573 826 3661 tantummodo,
840 3600 921 3673 quae
938 3571 1107 3673 Sophocli
1121 3599 1267 3648 consuo-

178 3692 269 3767 tioro
280 3709 378 3782 suut,
388 3717 569 3792 opponere
579 3689 682 3762 libet:
695 3693 863 3788 ξυμφέρειν,
872 3691 1038 3788 ξυντρέχειν
1046 3689 1262 3786 (convenire,

177 3807 457 3904 eodemredire),
468 3811 623 3897 ξύναυλος,
633 3802 693 3902 (es.
707 3801 1160 3900 Zopppoopog),[o15pperpo;,
1178 3830 1267 3902 συγ-

176 3931 308 4020 γενής,
328 3924 449 4004 ξυνών
465 3922 601 4019 (χρόνος,
614 3942 724 4015 quam
736 3910 892 4013 quisagit
908 3915 1078 4011 aetatem),
1100 3923 1267 3994 συνθνή-

177 4065 296 4128 σκειν,
322 4039 497 4129 συνέχθειν,
517 4037 690 4130 συμφιλεῖν,
709 4035 888 4120 συνάπτειν,
908 4033 1063 4120 συλλύειν,
1091 4032 1261 4120 συνθέλειν,

176 4149 378 4237 συνήδεσθαι,
397 4151 654 4244 συγκομίζεσθαι,
670 4147 815 4239 σύμφωνα
835 4141 903 4236 (sc.
918 4139 1129 4237 δεξιώματα),
1146 4143 1266 4236 ξυμπο-

175 4275 254 4351 νεῑν,
281 4266 532 4355 συνεργάζεσθαι,
553 4262 763 4352 συμμαθεῖν
790 4249 872 4350 (Aj.
893 4277 927 4324 v.
947 4252 1056 4350 856),
1088 4266 1171 4343 οἱα,
1194 4265 1275 4326 eto.-

1107 4365 1127 4428 4
