2990 4804
234 403 273 482 in
291 402 577 502 interrogatione
593 403 774 478 notandus
792 419 844 479 est
860 403 1051 505 peculiaris
1068 405 1162 502 apud
1181 407 1326 506 Sopho-

234 514 329 588 clem
341 541 436 606 usus»,
452 513 548 588 OEd.
564 515 644 589 Col.
657 544 691 590 v.
703 519 770 593 66:
785 533 874 619 ἄρχει
884 552 929 602 τις
939 512 1041 592 ἀὐτῶν
1058 525 1083 597 ἢ·
1096 524 1141 592 ἐπὶ
1161 536 1203 616 τῷ
1220 529 1325 602 πλήθει

234 634 344 728 λόγος;
358 625 491 706 Troch·
506 653 541 700 v.
561 632 651 704 867:
671 641 704 703 Ti
719 641 795 731 ρηρί
803 660 812 718 ;
828 630 1033 730 aliquidne,
1049 629 1084 702 id
1098 648 1150 704 est
1162 659 1327 706 verumne

235 738 349 813 dico?
368 740 415 813 At
431 740 581 840 propius
599 740 643 813 ad
661 742 860 840 prosarium
876 741 1074 814 dictionem
1092 743 1227 817 accedit
1245 771 1326 817 usus

234 851 462 951 pronominis
472 850 747 926 demonstrativi
762 854 904 954 generis
915 855 1080 927 neutrius
1091 868 1198 949 τοῦτο,
1214 870 1324 950 ταῦτα,
1403 891 1411 908 ·

234 965 487 1038 masculinivel
495 966 658 1040 seminini
672 966 752 1040 loco
764 965 949 1040 indefinite
957 967 1084 1066 positi,
1101 994 1211 1068 quem
1221 971 1256 1042 in
1266 993 1327 1044 so-

235 1076 279 1150 lis
296 1077 363 1150 sibi
382 1076 584 1151 Trachiniis
603 1095 707 1177 poeta
727 1077 874 1151 indulsit
893 1080 945 1180 (v.
969 1073 1063 1154 4235
1084 1096 1121 1152 et
1141 1084 1242 1177 676).

283 1173 680 1296 Interipraepositiones
701 1199 731 1265 ἐν
748 1190 952 1290 Sophocleo
973 1191 1155 1265 idiotismo
1180 1193 1329 1292 insignis

237 1317 303 1392 est,
317 1303 478 1402 primum
492 1302 590 1404 quod
604 1303 641 1375 in
656 1307 758 1376 tmesi
773 1301 1023 1404 adverbioscit,
1038 1304 1134 1378 OEd.
1150 1305 1197 1376 R.
1211 1332 1245 1378 v.
1262 1309 1327 1379 27:

236 1419 267 1488 ἒν
284 1415 315 1487 δ’
333 1423 348 1487 ὁ
365 1425 514 1516 πυρφόρος
531 1425 597 1500 Θεὸς
615 1423 744 1490 ἐλαύνει.
762 1415 818 1487 lb.
836 1443 873 1490 v.
895 1421 985 1520 483³
999 1425 1028 1490 ἐν
1044 1417 1074 1491 δ’
1088 1427 1198 1515 ἄλοχοι
1217 1427 1332 1492 ἐπιστε-

235 1536 395 1626 νάχουσιυ.
417 1524 478 1626 Aj.
497 1554 532 1597 V.
554 1523 645 1601 6663
667 1535 696 1600 ἐν
711 1527 741 1600 δ’
756 1536 772 1600 ὁ
789 1537 968 1628 παγκρατὴς
983 1533 1072 1613 ὕπνος
1093 1535 1155 1601 λύει
1176 1532 1327 1613 πεδήσας.

237 1637 364 1740 Antig.
389 1667 424 1712 v.
452 1641 525 1714 416
548 1669 558 1711 =
582 1646 611 1713 ἐν
634 1639 663 1712 δ’
688 1645 840 1736 ἐμεστώθη
869 1648 966 1740 μέγας
991 1651 1095 1741 αἰθήρ,
1121 1668 1161 1714 ac
1187 1666 1331 1714 sensum

238 1752 400 1850 praebet,
422 1755 459 1825 in
477 1752 620 1841 medio;
641 1769 719 1824 tum
734 1749 832 1854 quod
850 1779 931 1824 cum
949 1752 1158 1851 pleonasmo
1175 1752 1331 1853 quodam

237 1862 358 1938 dativo
373 1865 527 1965 simplici
541 1861 720 1965 adjicitur,
736 1865 823 1937 utin
839 1864 964 1965 Antig.
975 1893 1010 1939 v.
1026 1867 1098 1940 766
1110 1898 1117 1938 :
1129 1873 1158 1939 ἐν
1168 1874 1332 1966 ὀφθαλμοῖς

238 1984 315 2077 δρῶν
330 1977 440 2075 (Coll.
455 1979 523 2048 Τι’.
541 2004 577 2049 v.
590 1980 662 2052 2er
678 1994 715 2051 et
727 1981 799 2052 710
817 2007 826 2048 τ
845 1983 974 2079 βαρεῖαν
988 1983 1138 2080 ξυμφορὰν
1156 1986 1185 2052 ἐν
1199 1992 1331 2076 ὄμμασιν

237 2098 352 2190 πατρὸς
362 2088 732 2189 δεδορκώς).8ἰυιίΙίῑον
744 2088 839 2162 dicta
853 2107 937 2162 sunt
947 2091 1038 2181 hoec,
1052 2089 1179 2191 Antig.
1190 2119 1226 2162 v.
1237 2093 1328 2164 990:

238 2217 378 2287 σπῶντας
385 2207 415 2275 ἐν
422 2209 566 2299 χηλαῖσιν
576 2208 736 2286 ἀλλήλους.
745 2202 803 2274 ΕΙ.
813 2209 869 2276 v.l
880 2207 949 2276 131)
958 2231 965 2274 :
975 2210 1004 2276 ἕν
1011 2207 1124 2288 ξέναισι
1131 2213 1217 2302 χερσὶ
1226 2207 1334 2284 κηδευ-

240 2323 318 2408 Θείς,
334 2331 421 2404 etc„
437 2328 507 2386 etc.
525 2315 664 2386 Locum
678 2312 937 2414 significantius
956 2313 1090 2388 indicat
1107 2314 1330 2414 praepositio,

239 2453 379 2499 causam
392 2427 747 2525 instrumentumque
759 2424 1075 2500 indicassetnudus
1087 2425 1331 2500 dativusPari

239 2539 349 2612 modo
365 2546 419 2612 σύν
436 2553 650 2658 usurpatum,
661 2536 790 2635 Antig.
806 2565 843 2611 ν.
860 2540 932 2612 676
949 2568 958 2610 :
977 2542 1033 2619 ἥδε
1052 2546 1117 2613 σὺν
1138 2550 1225 2637 μάχῃ
1245 2542 1334 2640 δορὸς

240 2659 353 2752 τροπὰς
369 2661 609 2752 καταρρήγνυσι.
629 2661 675 2722 Εκ
692 2649 844 2749 antiquo
863 2675 965 2724 more
985 2675 1080 2748 saepe
1102 2651 1333 2749 praepositio-

239 2787 328 2836 num
346 2770 405 2838 ὑπό
423 2761 481 2836 vel
500 2770 574 2865 πρός
597 2762 717 2835 locum
738 2777 837 2835 tenet
858 2760 953 2860 apud
977 2761 1207 2860 Sophoclem,
1233 2760 1330 2835 OEd.

240 2875 320 2949 Col.
346 2904 382 2949 v.
412 2877 475 2967 67,
493 2879 580 2964 737,
604 2873 662 2946 El.
686 2901 722 2946 v.
742 2877 829 2964 885,
859 2875 967 2965 1621),
994 2873 1148 2948 Philoct.
1174 2900 1209 2947 v.
1230 2875 1330 2948 335¹.

238 2988 453 3087 Praepositio
464 2997 525 3061 ἀπό
534 3009 645 3085 quum
655 2986 837 3087 originem
847 2986 1000 3088 indeque
1009 2987 1269 3086 separationem
1277 2985 1334 3060 de-

240 3116 356 3190 notet,
369 3101 496 3199 saepius
509 3099 547 3172 in
559 3099 858 3198 significationem
869 3101 1043 3174 contrarii
1053 3100 1111 3173 vel
1120 3103 1334 3200 privationis

234 3439 288 3514 ,ἐπ’
306 3451 465 3538 ἀμήχανον
481 3447 587 3539 ἄλγος
598 3448 644 3512 ἀεὶ
663 3449 857 3536 στενάχουσα
879 3442 1056 3529 διόλλυσαι,
1074 3437 1225 3536 (relicta
1244 3451 1335 3508 tem-

237 3549 541 3651 perantia).lbid.
557 3576 594 3622 v.
613 3553 728 3626 titt:
744 3552 798 3625 ἀπ’
813 3555 954 3626 ἐλπίδων.
970 3549 1067 3623 OEd.
1083 3550 1164 3624 Col.
1183 3576 1219 3623 v.
1239 3551 1329 3624 904:

242 3670 303 3736 ἀπὸ
317 3673 458 3763 ῥυτῆρος,
478 3666 556 3734 siue
567 3664 704 3756 frenis.
720 3664 787 3734 Tr.
807 3690 842 3736 v.
861 3667 932 3739 388
947 3694 956 3738 ι
974 3670 1029 3738 οὐκ
1045 3672 1106 3737 ἀπὸ
1123 3671 1256 3764 γνώμης.

294 3775 495 3848 Maximum
519 3799 593 3847 esse
616 3775 816 3850 verborum
835 3777 1182 3879 cleconzpositorum,
1204 3773 1335 3875 quibus

181 3947 189 3962 .
244 3886 440 3986 Sophocles
457 3889 586 3980 utitur,
603 3915 818 3985 numerum,
836 3890 910 3989 jam
923 3885 1122 3963 Loheckius
1138 3887 1336 3961 adnotave-

287 4257 297 4288 ¹
311 4247 494 4335 Bernhardy,
515 4253 565 4316 W
562 4208 816 4338 issensihutstliclre
827 4257 946 4340 Syntux
953 4300 963 4330 ,
978 4275 1010 4336 p.
1026 4256 1097 4318 228.
