2990 4804
684 279 856 348 ...6.-

227 410 279 487 cla
295 407 507 484 dividuntur
520 411 557 484 in
571 419 812 514 ἀνομοιόοτροφοι
827 425 865 486 ct
879 421 1145 514 nupopordccpapa
1156 430 1165 460 ⁸
1175 414 1316 515 )quum

225 521 356 598 indicia
370 521 535 624 quaedam
548 523 623 624 jam
640 524 735 623 apud
750 524 989 622 AEschplum¹,
1010 541 1087 598 tum
1105 541 1202 600 certa
1220 527 1316 626 apud

225 633 443 732 Sophoclem
463 634 502 708 in
519 635 758 709 cantiunculis
781 635 996 736 quibusdam
1020 635 1212 722 solitariis,
1240 638 1318 738 qui·

164 763 167 770 ·
225 745 293 818 bus
305 745 599 846 hyparchematis
613 751 625 792 ³
641 773 776 823 nomen
793 764 859 840 est,
877 747 1148 846 deprehendere
1162 747 1258 823 licet.
1270 751 1317 821 lis

225 858 370 932 insolita
387 858 553 960 quaedam
565 861 677 933 animi
698 861 897 936 commotio
913 862 986 933 sive
1003 860 1122 960 gaudii
1132 915 1144 951 ,
1162 861 1235 936 sive
1256 859 1319 936 do-

185 1040 189 1048 .
226 969 315 1046 loris
326 972 574 1070 exsuperantia
591 969 767 1046 declarari
786 972 878 1046 solet
892 987 933 1045 ut
949 971 1230 1047 Trachiniarum
1241 997 1318 1046 car-

225 1083 326 1157 mine
349 1082 434 1158 inde
453 1110 472 1154 a
490 1109 527 1156 v.
548 1087 644 1172 205,
664 1085 722 1158 rel
741 1085 828 1180 illis,
847 1111 928 1185 quaa
948 1082 1032 1157 huic
1058 1085 1183 1183 generi
1207 1085 1322 1158 adnu-

226 1209 344 1268 merat
361 1192 654 1295 Mullorus⁴,Aj.
672 1222 709 1269 v.
739 1198 834 1287 693,
860 1195 1051 1270 Philoctet.
1070 1221 1108 1268 v.
1133 1197 1197 1270 39l
1222 1213 1259 1270 et
1279 1223 1316 1270 v.

219 1309 314 1382 827.
331 1306 457 1380 Indole
470 1323 591 1380 autem
607 1309 762 1384 maxime
773 1307 949 1384 differunt
961 1308 1147 1407 Sophoclis
1161 1309 1320 1382 carmina

227 1417 371 1494 chorica
385 1417 430 1490 ab
441 1418 647 1516 Euripideis
655 1473 667 1510 ,
683 1445 796 1518 quum
810 1421 888 1492 haao
899 1421 1116 1494 sententiosa
1128 1422 1202 1492 sint
1212 1436 1321 1519 atque

228 1529 541 1604 adhortationibus
567 1528 610 1602 ad
638 1530 810 1604 virtutem
828 1531 955 1628 plena,
984 1530 1044 1602 illa
1062 1555 1151 1603 vero
1166 1530 1317 1604 mirilico

228 1641 382 1742 quadarn
398 1643 572 1716 suavitate
586 1641 728 1740 perlusa
739 1642 768 1715 ⁵.
792 1641 912 1734 Quare
925 1639 1186 1741 Aristophanes
1202 1643 1218 1742 (
1224 1643 1317 1732 Pax,

228 1782 265 1830 v.
282 1756 373 1854 535)
391 1779 429 1828 ea
442 1752 791 1830 interblandimenta
804 1754 898 1854 pacis
913 1752 1105 1828 acdelicias
1116 1770 1318 1830 enumerat.

524 1951 555 2012 Ξ.
571 1949 616 2010 De
629 1951 805 2036 tragicorum
820 1961 881 2014 arte
894 1933 1022 2012 metrica.

278 2098 398 2191 Quum
415 2098 521 2171 altius
537 2098 576 2171 in
593 2123 727 2190 causas,
741 2097 873 2198 quibus
890 2099 1050 2172 carmina
1064 2097 1209 2171 chorico
1227 2099 1322 2198 apud

230 2213 387 2312 tragicus
420 2226 590 2310 corrupta
622 2211 782 2301 suerint,
819 2211 1061 2311 inquirimus,
1092 2232 1324 2284 occurremus

230 2324 443 2425 gravissimo
461 2323 614 2422 poeticae
631 2349 674 2396 aa
688 2322 835 2395 musicae
853 2322 940 2396 artis
960 2317 1127 2414 discidio,
1147 2321 1244 2422 quod
1261 2321 1324 2394 in-

232 2435 321 2512 cidit
343 2438 380 2508 in
398 2461 576 2510 summam
595 2435 697 2508 illam
717 2457 863 2510 morunt
882 2453 924 2508 ao
947 2457 1070 2506 rerum
1096 2432 1324 2531 publicarum
1382 2497 1387 2506 .

232 2551 327 2623 circa
346 2548 433 2622 balli
452 2548 749 2646 Peloponnesiaci
769 2563 933 2644 tempora
948 2545 1235 2620 conversionem.
1252 2548 1328 2621 An·

232 2661 384 2764 tiqnitus
400 2658 518 2750 enim,
539 2659 623 2734 inde
639 2657 687 2731 ab
699 2655 923 2734 Archilocho
935 2672 972 2732 et
983 2653 1216 2756 Terpandro,
1230 2662 1328 2761 quis·

231 2775 313 2874 quis
327 2770 486 2845 carmina
501 2769 701 2870 pangebat,
718 2769 814 2844 idem
826 2785 862 2844 et
876 2781 980 2868 poeta
994 2783 1071 2842 erat
1083 2785 1119 2843 et
1131 2773 1323 2845 musicus⁶.

232 2886 442 2985 Principem
459 2883 496 2957 in
514 2884 612 2984 poesi
631 2886 752 2958 locum
764 2882 916 2968 tenebat
934 2898 1070 2973 textus,
1087 2898 1128 2958 nt
1141 2909 1208 2959 nec
1223 2886 1328 2983 sylla-

233 2998 366 3074 barum
385 2996 582 3098 quantitas,
605 3017 672 3070 nec
689 3011 857 3071 accentus
878 2997 1040 3069 numeris
1059 2997 1203 3070 musicis
1218 3020 1328 3071 ever-

234 3123 415 3184 terentur.
441 3109 578 3182 Musica
598 3123 719 3182 autem
743 3130 891 3208 poeseos
914 3129 1034 3182 comes
1051 3124 1147 3199 erat,
1167 3103 1328 3211 adeoque

281 3400 291 3426 ¹
313 3387 495 3462 Hermann,
511 3383 605 3449 Elem.
625 3384 716 3449 doctr.
729 3399 827 3462 metu,
840 3411 871 3469 p.
889 3383 962 3448 747.

277 3495 289 3522 ²
311 3482 443 3558 Seidler,
458 3484 495 3545 de
511 3481 577 3545 Vas.
590 3483 787 3559 dochmiacis,
802 3507 830 3568 p.
847 3485 920 3560 181,
935 3504 999 3565 sqq.

277 3580 291 3622 ³
310 3579 487 3655 Hermann„
503 3577 553 3640 El.
570 3580 663 3642 doctr.
677 3593 776 3656 metu,
794 3601 824 3662 p.
836 3581 907 3644 732.

278 3675 292 3722 ⁴
316 3675 434 3738 cant.
452 3675 778 3760 Lalemturgasahichte‚
793 3676 843 3752 11,
858 3699 889 3760 p.
907 3677 960 3739 71.

255 3770 289 3829 .⁵
311 3774 367 3834 Dio
381 3773 543 3855 Chrysost.‚
556 3773 605 3848 ΙΙ,
623 3797 653 3855 p.
671 3775 732 3834 273
746 3796 752 3836 :
766 3781 807 3833 Τά
823 3797 852 3833 το
866 3776 928 3853 μέλη
943 3775 989 3832 οὒκ
1000 3776 1059 3850 ἕχον
1073 3773 1139 3832 πολὺ
1155 3777 1186 3829 τὸ
1197 3776 1328 3850 γνωμικὸν

235 3869 295 3928 otte
304 3878 352 3936 τὴν
362 3878 427 3953 πρὸς
437 3873 532 3954 duperia
542 3871 720 3953 παράκλησιν,
734 3875 822 3953 ὥσπερ
833 3876 869 3929 τὰ
883 3879 931 3929 τοῦ
945 3868 1101 3952 Εὐριπίδου,
1114 3867 1208 3936 ἡδονὴν
1219 3867 1247 3926 δὲ
1259 3871 1330 3924 θαν-

237 3976 343 4046 μαοτὴν
354 3975 400 4026 καὶ
410 3970 645 4050 μεγαλοπρέπειαν.

277 4059 291 4098 ⁶
305 4062 427 4140 Sextias,
445 4063 589 4124 Adversus
605 4060 762 4137 Mathoni„
783 4061 845 4137 Vl,
865 4063 903 4123 16
917 4084 924 4120 a
944 4071 999 4126 Τὴν
1012 4068 1149 4127 ποιητικὴν
1163 4059 1193 4120 tt
1206 4067 1328 4139 φαίνεται

233 4170 339 4240 κοσμεῖν
349 4165 365 4226 ἡ
376 4169 505 4241 μουσική,
518 4161 660 4241 μελίζουσα
670 4166 716 4229 aul
727 4157 828 4252 lapibu
837 4164 1036 4242 πιμίχονσα...
1049 4157 1139 4236 tpttn
1152 4161 1235 4238 pltat
1246 4161 1292 4217 uel
1303 4161 1329 4215 οἱ

235 4265 345 4330 ποιηταί
357 4259 490 4338 phanau
500 4257 636 4339 Mysum.
