2990 4804
654 315 852 388 ...γο-

214 451 321 523 nimis
342 450 484 550 prolixa
512 450 548 522 in
576 449 798 550 longumque
823 447 929 522 ducta
951 473 1042 539 esse,
1071 462 1107 521 et
1131 447 1301 548 aequabili

211 565 325 662 magis
342 562 405 636 illo
420 561 592 663 pedestris
608 561 781 638 orationis
795 560 945 635 llumine
960 587 1069 662 quam
1084 562 1221 660 poetica
1239 589 1302 635 su-

212 674 391 747 blimitate
407 676 570 774 insignia.
584 675 657 748 Nos
670 673 815 774 quidem
829 691 964 773 praeter
981 674 1065 746 alias
1079 699 1135 747 res
1148 676 1302 748 maxime

214 788 369 862 arctiore
383 785 487 887 hujus
503 785 633 860 sabulae
654 814 736 860 cum
753 784 861 859 rebus
873 783 1027 885 publicis
1048 788 1302 887 conjunctione

214 927 417 989 movemur,
437 918 478 973 ut
493 927 569 974 eam
598 902 634 972 in
654 902 807 972 alterum
824 900 909 972 belli
927 900 1218 998 Peloponnesiaci
1236 898 1303 974 de-

214 1014 383 1086 cennium
399 1011 562 1085 incidisse
580 1008 783 1100 credamus,
799 1038 912 1110 quum
930 1010 1184 1102 Athenienses,
1206 1013 1304 1086 Alci-

212 1117 318 1197 biade
343 1125 546 1198 inexilium
573 1124 696 1222 pulso,
726 1123 834 1196 rebus
857 1125 984 1198 Siculis
1009 1139 1070 1196 aut
1095 1127 1170 1224 jam
1197 1126 1304 1224 plane

214 1238 334 1311 accisis
364 1254 426 1309 aut
454 1238 492 1309 in
519 1263 702 1309 summum
734 1234 927 1310 discrimen
955 1234 1117 1311 adductis
1145 1237 1304 1310 maximo

212 1350 308 1449 pacis
332 1348 509 1422 desiderio
537 1365 762 1422 tenerentur.
793 1349 884 1421 Belli
907 1350 1015 1437 mala,
1044 1365 1303 1450 utnusquam,

212 1461 450 1562 deplorantur
478 1463 515 1532 iu
545 1463 707 1533 carmine
735 1460 884 1535 chorico
914 1463 963 1560 (v.
990 1464 1234 1558 tlte-teto),
1262 1489 1305 1536 ac

213 1595 333 1644 versus
348 1571 457 1644 finem
475 1570 629 1644 Atheuae
644 1590 684 1643 ut
701 1589 869 1670 exoptata
886 1572 1055 1648 omnibus
1067 1572 1223 1663 civibus,
1239 1574 1304 1674 qui

213 1710 365 1784 peregre
382 1701 488 1784 caput
510 1683 678 1757 omnibus
700 1683 870 1784 periculis
888 1683 1180 1776 committebant,
1206 1701 1303 1759 terra

214 1798 444 1873 invocantur.
463 1796 557 1892 Quid
574 1798 601 1869 si
624 1798 700 1895 ipso
729 1796 853 1896 Ajace,
883 1822 957 1897 qno
979 1795 1098 1871 orbati
1115 1796 1159 1870 de
1185 1796 1303 1872 reditu

215 1908 453 2009 desperabant
482 1910 568 1984 socii
576 1965 587 1999 ,
620 1907 822 1984 Alcibiades
847 1906 1093 2010 significatur?
1118 1909 1187 1983 Sed
1212 1910 1305 1984 nihil

216 2050 286 2123 pro
303 2039 405 2096 certo
426 2023 698 2113 affirmaverim,
717 2023 880 2122 quamvis
897 2037 934 2094 et
951 2020 1040 2122 Ajax
1058 2021 1174 2094 tribus
1190 2022 1305 2123 Ajan-

216 2152 285 2208 teae
310 2135 415 2207 heros
441 2159 639 2233 eponymus
663 2133 789 2225 luerit,
817 2161 858 2207 ac
882 2133 1071 2207 Salaminis
1096 2135 1142 2206 ita
1166 2136 1305 2210 mentio

216 2247 279 2320 fiat
292 2247 344 2346 (v.
363 2249 450 2346 595)
468 2262 510 2319 ut
535 2245 772 2320 Athenienses
791 2273 869 2320 eam
895 2272 970 2320 non
988 2245 1107 2319 solum
1130 2262 1171 2318 ut
1188 2245 1305 2347 Ajacis

213 2359 366 2460 patriam
379 2416 390 2451 ,
415 2358 603 2432 sedetiam
629 2375 670 2431 ut
693 2359 870 2458 oppidum
896 2359 1043 2432 victoria
1069 2358 1304 2434 celeberrima

215 2474 433 2547 illustratum
452 2470 635 2546 recordari
655 2471 822 2545 debeant.
843 2471 933 2544 'l'am
951 2471 1117 2546 sollerter
1134 2474 1230 2546 enim
1248 2499 1305 2546 res

216 2584 377 2686 publicas
405 2582 534 2657 sabulis
557 2585 627 2655 suis
657 2585 786 2655 intexit
810 2583 1026 2682 Sophocles,
1054 2599 1096 2655 ut
1117 2610 1306 2685 nunquam

219 2726 277 2774 eas
292 2697 336 2771 dc
349 2695 523 2769 industria
539 2694 732 2792 arripuisse
746 2693 806 2766 sed
818 2695 937 2794 potius
949 2696 1004 2768 rei
1020 2711 1147 2768 natura
1163 2714 1305 2772 coactus

222 2810 379 2912 attigisse
401 2807 578 2898 videatur,
603 2831 726 2907 eaeque
749 2806 848 2879 velut
873 2834 954 2879 casu
971 2808 1128 2907 quodam
1154 2810 1204 2882 sic
1222 2836 1306 2883 cum

218 2923 328 2998 totius
345 2921 533 3023 tragoediae
544 2920 665 2995 indole
677 2936 712 2993 et
724 2919 822 3020 quasi
832 2917 924 2993 orbc
935 2938 1150 3020 congruant,
1166 2937 1207 2993 ut
1220 2948 1305 2997 raro

216 3036 259 3109 iis
278 3035 322 3108 ad
340 3033 562 3124 eruendum,
587 3059 657 3134 qua
680 3049 757 3106 acta
773 3033 821 3104 sit
840 3030 979 3122 fabula,
1000 3049 1144 3107 aetatem
1167 3033 1305 3108 fionius
1379 3063 1383 3072 ’

214 3147 282 3222 niti
295 3146 419 3246 possis.

243 3261 317 3334 *Dc
335 3257 537 3332 Trachiniis
552 3255 768 3356 antbigitur5
792 3255 828 3327 in
852 3253 983 3355 quibus
1007 3256 1181 3328 Mullorus
1201 3258 1302 3357 juve-

217 3374 300 3448 nilis
333 3371 487 3446 necdum
517 3368 746 3444 corroborati
779 3367 914 3467 ingenii
944 3368 1089 3469 vestigia
1119 3367 1302 3459 invenire,

219 3487 351 3561 rectius
368 3500 487 3556 autam
497 3538 508 3574 ,
528 3483 566 3555 ui
584 3481 703 3571 fallor,
720 3479 962 3554 Bernhardius
973 3482 1164 3554 senectutis
1177 3481 1304 3555 indicia

219 3597 287 3672 sibi
299 3593 574 3696 deprehendisse
590 3594 684 3668 visus
696 3609 761 3666 est.
775 3591 935 3668 Omnino
945 3610 1143 3667 extremam
1156 3621 1306 3668 manum

220 3708 354 3785 labulae
376 3732 451 3781 non
469 3707 650 3778 accessisse
676 3731 720 3778 ex
746 3705 869 3778 multis
895 3703 1003 3780 rebus
1027 3707 1238 3806 conjeceris,
1261 3731 1306 3780 ex

223 3817 518 3921 frequentissimis
535 3817 597 3916 (an
616 3815 834 3891 histrionum
841 3814 876 3919 l)
890 3817 1247 3918 interpolationibus,
1269 3835 1307 3891 et

218 3933 297 4008 laxa
326 3931 567 4030 dissolutaque
587 3926 742 4020 fabulae,
767 3955 875 4030 quam
900 3946 1049 4020 vocant,
1079 3932 1303 4020 oeconomia,

208 4072 331 4148 ,quum
340 4043 494 4143 prologo
507 4040 731 4112 simillimum
740 4041 786 4113 sit
795 4041 904 4135 illud,
920 4042 1188 4143 quodDejanira
1201 4043 1285 4116 lacit
1292 4099 1304 4136 ,

216 4153 420 4241 exordium,
434 4169 470 4224 et
481 4153 639 4249 partium
653 4151 863 4226 melicarum
874 4154 1085 4254 exiguitate,
1101 4153 1306 4230 etdictione

216 4265 276 4342 hic
288 4263 362 4338 illic
380 4263 540 4336 allectata
553 4278 589 4336 et
604 4261 804 4362 putidiore,
818 4281 963 4366 tamque
975 4265 1143 4370 inaequali
1155 4284 1196 4343 ut
1208 4294 1304 4341 nunc
