2990 4804
616 290 817 362 ..61-

167 444 308 528 ἅγνωτα,
338 426 395 500 vel
428 425 550 527 (Ajax,
588 453 625 498 v.
660 427 748 525 289)
766 433 916 521 ἄκλητος,
942 426 1011 500 οὐδ’
1042 427 1093 502 ὑπ’
1125 435 1262 529 ἀγγέλων

168 548 298 628 κληθείς,
326 538 383 613 vel
411 544 486 624 ἡδὺς
500 549 566 613 οὔτε
593 548 681 640 μητρὶ
719 541 883 640 δυσχερής,
912 553 998 629 ete„
1029 538 1075 612 ab
1101 540 1263 614 Homero

169 667 349 726 mutuatus
364 651 493 742 suerit,
513 651 668 725 excitato
684 675 813 724 versu:

247 781 350 878 ἑκτορ,
368 799 423 855 ἐπεί
438 819 470 876 με
484 799 543 854 κατ’
560 795 639 854 αἶσαν
651 799 795 868 ἐνείκεσας,
809 795 864 852 οὐδ’
877 799 941 875 ὑπὲρ
956 794 1047 854 αἶσαν.

168 919 250 992 Jam
264 947 374 996 nemo
392 924 560 1012 miretur,
584 923 778 996 sententias
798 919 969 1022 quasdam
987 911 1027 995 ac
1045 923 1141 995 locos
1160 947 1265 995 eom-

169 1058 308 1124 munes,
329 1033 545 1126 tritissimos,
562 1035 623 1136 qui
643 1051 719 1106 tum
740 1035 776 1106 in
797 1034 962 1106 omnium
984 1058 1049 1107 ore
1068 1031 1265 1107 versaban-

173 1159 245 1233 tur,
260 1145 306 1217 ab
319 1147 382 1220 illo
396 1147 501 1220 uobis
514 1165 554 1220 ut
569 1146 759 1219 tralatitios
773 1145 975 1219 homericos
989 1144 1114 1236 vendi,
1130 1148 1265 1246 quippe

169 1258 231 1357 qni
253 1283 295 1331 eo
318 1261 533 1356 processerit
557 1259 790 1348 temeritatis,
812 1274 851 1328 ut
870 1258 1021 1330 Homeri
1042 1256 1265 1330 hemistichia

171 1369 598 1470 quaedampoematissuis
610 1373 768 1445 inserere
780 1369 1266 1470 nondubitasseSOphoclem

170 1507 239 1578 pro
259 1500 359 1558 certo
381 1487 558 1558 affirmare
577 1483 720 1573 audeat,
745 1510 788 1556 ex
811 1483 942 1586 quibus
966 1484 1035 1557 hoc
1058 1498 1262 1586 nuncupat:

170 1579 246 1690 ᾧμοι
266 1603 344 1696 ἐγώ,
364 1608 395 1671 τί
410 1608 517 1684 πάθως

220 1706 288 1778 Sed
308 1707 460 1808 longum
475 1725 544 1797 est,
562 1710 683 1783 omnia
694 1763 704 1798 ,
726 1734 807 1808 quae
826 1709 919 1780 male
944 1704 989 1778 ab
1013 1706 1077 1780 illo
1105 1732 1174 1806 pro
1196 1707 1266 1780 So-

172 1817 321 1916 phoclea
350 1822 499 1894 Homeri
527 1823 728 1894 imitatione
755 1821 1000 1920 disputantur,
1029 1821 1264 1916 perlustrare.

173 1931 358 2006 Nimirum
388 1935 608 2025 Homerum,
641 1935 847 2008 litterarum
879 1959 1080 2032 graecarum
1113 1933 1268 2006 omnino

172 2061 357 2119 auctorem
368 2073 409 2120 ac
424 2048 522 2148 quasi
536 2065 677 2146 patrem
691 2073 763 2120 esse
780 2076 798 2118 a
814 2047 959 2122 nemine
974 2044 1080 2124 hodie
1089 2100 1100 2136 ,
1117 2047 1264 2146 opinor,

174 2158 375 2256 ignoratur.
396 2158 511 2253 Quem
540 2161 587 2233 ita
611 2159 836 2251 dilexerunt,
857 2161 904 2232 ita
926 2159 963 2230 in
982 2160 1063 2231 sinu
1080 2171 1268 2258 gestarunt

173 2270 312 2363 Graeci,
337 2275 471 2373 quippe
496 2274 592 2372 poesi
613 2275 686 2370 ejus
704 2300 723 2344 a
742 2298 856 2370 puero
874 2269 1002 2343 imbuti
1022 2288 1058 2342 et
1071 2272 1265 2362 innutriti,

175 2401 214 2457 ut
238 2411 316 2458 cam
334 2385 420 2458 libri
442 2387 531 2461 sacri
559 2387 671 2458 instar
687 2385 870 2470 colerent,
889 2400 1075 2482 totamque
1092 2383 1268 2456 memoria

174 2495 467 2597 comprehensam
487 2513 667 2571 tenerent.
688 2497 768 2569 Jam
795 2511 892 2569 recte
911 2494 1058 2588 Cicero,
1078 2511 1136 2583 ut,
1158 2493 1268 2596 siqui

175 2609 212 2681 in
230 2610 304 2684 sole
330 2609 536 2696 ambulent,
558 2610 695 2682 etiamsi
715 2608 822 2683 aliam
839 2608 888 2684 ob
907 2635 1046 2681 causam
1064 2605 1266 2701 ambulent,

174 2718 251 2794 fieri
288 2738 406 2794 tamen
447 2739 575 2798 natura
603 2721 690 2795 dicit
702 2777 713 2810 ,
747 2739 789 2794 ut
816 2722 1040 2811 colorentur,
1071 2722 1119 2792 sie
1149 2720 1176 2790 si
1205 2719 1269 2819 qui

175 2817 303 2932 scripta
317 2834 373 2908 vel
392 2851 507 2932 poetae
527 2834 584 2907 vel
602 2833 762 2906 historici
778 2829 969 2904 studiosius
983 2831 1156 2930 legerint,
1176 2831 1270 2930 ipso-

175 2973 259 3020 rum
276 2947 475 3020 orationem
495 2945 597 3046 hujus
610 2947 710 3048 quasi
729 2961 825 3017 tactu
839 2944 1009 3018 colorari.
1025 2933 1129 3036 Quod
1145 2944 1270 3018 multis

177 3059 290 3158 iisque
322 3061 468 3132 summis
500 3060 615 3156 poetis
646 3055 799 3157 legendo
829 3072 866 3129 et
892 3053 1083 3129 ediscendo
1109 3057 1270 3130 Homero

176 3169 342 3244 accidisse
355 3188 493 3245 eertum
508 3186 573 3245 est.
592 3169 761 3242 Attamen
780 3173 899 3243 minus
917 3169 961 3239 de
979 3167 1098 3240 verbis
1115 3184 1151 3240 et
1166 3169 1271 3240 locu·
1292 3219 1295 3224 -

179 3282 335 3356 tionibus
354 3285 558 3384 cogitarunt
577 3299 714 3358 veteres
732 3281 869 3372 critici,
890 3307 1004 3378 qumn
1016 3304 1105 3380 quos
1119 3279 1271 3351 Homeri

177 3396 325 3469 aemulos
345 3395 594 3495 appellabant,
625 3422 734 3494 quam
760 3392 804 3466 de
822 3390 986 3464 moribus
1003 3390 1194 3462 hominum
1211 3415 1272 3461 se·-

178 3508 335 3582 cundum
349 3525 513 3581 naturam
527 3504 776 3606 depingendis,
789 3521 827 3577 et
843 3501 961 3577 vivida
976 3501 1130 3604 quadam
1149 3528 1274 3576 rerum

178 3637 212 3693 et
227 3620 420 3694 affectuum
442 3617 728 3708 adumbratione.
750 3618 802 3688 Ita
820 3641 934 3715 quum
952 3618 1087 3714 primas
1112 3614 1273 3690 Homero

177 3759 319 3832 semper
334 3731 532 3824 deferrent,
558 3729 728 3804 secundas
745 3729 937 3826 saepissime
963 3725 1183 3808 Archilocho
1204 3727 1274 3810 tr-i-

176 3846 355 3938 buerunt,
386 3848 443 3920 cui
472 3861 604 3945 practer
622 3843 840 3929 Homerum,
867 3839 1067 3937 plurimum
1087 3855 1177 3912 esset
1195 3865 1275 3910 satt-

178 3961 296 4060 guinis
316 3975 352 4031 et
369 3983 568 4032 nervorum
583 3973 607 4028 ¹.
628 3953 850 4027 Stesichorus
868 3979 888 4024 a
904 3952 1096 4054 Longin0²
1115 3963 1273 4055 ὁμηρικω-

221 4177 231 4202 ¹
245 4167 391 4240 Velleius,
406 4166 440 4240 l,
457 4189 489 4227 v.
505 4165 643 4250 Quintil,
660 4159 705 4237 X,
724 4183 746 4241 1,
765 4163 818 4224 59.

221 4263 371 4346 'Longim
388 4249 559 4344 περὶῨψους,
574 4281 648 4340 xm,
666 4261 697 4320 3.
