2990 4804
603 343 800 413 ..67-

160 477 252 580 pidis
266 477 392 552 Medea
409 477 453 550 ad
473 477 679 576 exemplum
698 477 820 549 Calliae
839 473 1046 578 Tragoedias
1061 476 1253 550 Gramma-

162 591 241 665 ticae
267 591 501 690 composita¹,
526 587 675 687 primae,
705 589 734 661 si
759 585 937 662 Athenaeo
963 587 1072 663 fidem
1097 587 1251 690 adjicere

160 704 263 796 licet,
288 703 456 778 elisiones
478 701 659 774 vocalium
683 701 723 773 in
746 702 972 775 senariorum
990 700 1061 776 fine
1089 701 1251 775 admissae

159 834 256 890 sunt.
294 818 407 916 Hujus
444 815 602 887 elisionis
637 815 673 887 in
701 813 848 912 OEdipo
881 815 1042 916 quinque
1071 813 1252 888 habentur

159 929 321 1027 exempla
346 928 398 1026 (v.
420 927 480 1011 49,
500 928 592 1016 332,
611 928 698 1015 785,
722 929 835 1016 ttst,
855 931 977 1012 taath.
994 925 1044 998 At
1063 928 1251 1000 commissa

159 1057 212 1114 est
238 1037 423 1138 Euripidis
451 1037 575 1110 Medea
602 1036 657 1109 01.
681 1064 851 1126 Lxxxvn,
881 1045 894 1114 1
927 1040 1052 1138 (tat),
1077 1039 1253 1112 archonte

159 1148 387 1250 Pythodoro,
405 1147 500 1222 unde
513 1151 678 1238 officitur,
695 1149 880 1249 OEdipum
893 1151 1029 1251 Regem
1044 1178 1118 1225 uon
1132 1152 1251 1226 multo

159 1281 241 1364 post
257 1266 313 1362 agi
331 1264 502 1362 potuisse.
530 1263 624 1334 Tum
648 1261 693 1335 ad
713 1263 881 1335 dictionis
898 1266 1073 1336 virtutem
1089 1263 1252 1336 animad-

159 1375 376 1450 vertendum
403 1377 473 1447 erit
497 1375 598 1446 lectis
621 1389 657 1446 et
683 1373 881 1446 illustribus
898 1374 1018 1447 verbis
1044 1375 1249 1474 insignitae,

158 1512 400 1588 magnamque
430 1484 781 1586 grandiloquentiae,
807 1513 888 1587 quoe
909 1485 945 1559 in
968 1486 1153 1587 Antigone
1169 1488 1252 1561 elu-

161 1600 281 1687 cebat,
297 1616 439 1698 partem
457 1598 662 1670 retinentis.

200 1711 380 1812 Sequitur
405 1710 571 1799 Electra,
607 1727 642 1780 et
672 1709 770 1810 quod
804 1707 947 1782 dicendi
972 1736 1084 1810 genus
1111 1710 1253 1809 praebet

158 1826 313 1912 iacilius,
335 1851 375 1896 ac
390 1839 525 1921 praeter
542 1823 682 1921 aliquos
699 1821 795 1893 iocos
808 1820 1006 1895 verborum
1020 1824 1251 1897 contortione

160 1936 253 2010 haud
269 1934 483 2035 impeditum
499 1949 525 2024 ²,
544 1949 580 2007 et
600 1960 714 2006 unum
728 1933 934 2034 suppeditat
951 1935 1108 2010 elisionis
1121 1936 1159 2008 in
1180 1935 1252 2008 fine

159 2050 288 2122 senarii
306 2047 515 2146 exemplum
529 2073 566 2118 v.
585 2050 699 2122 tot3:

323 2203 525 2297 Ᾰπροσδόκητον
543 2214 617 2272 οὐδὲν
636 2221 753 2296 εἴρηκας·
774 2215 857 2282 καλῶς
873 2213 898 2273 δ’

324 2311 375 2390 ᾔδη
387 2313 413 2368 c'
427 2312 627 2391 ἀπορῥίψουσαν
638 2311 849 2388 ἁπηγγελλόμην.

158 2489 247 2581 Quae
272 2511 329 2559 res
349 2486 387 2559 in
407 2511 509 2558 causa
534 2485 621 2574 fuit,
644 2510 710 2556 cur
731 2482 949 2556 Boeckhius³
975 2483 1068 2558 hanc
1094 2483 1253 2562 tabulam

160 2595 307 2696 OEdipo
317 2598 556 2696 posteriorem
567 2620 640 2669 esse
650 2598 844 2695 putaverit.
858 2597 1071 2670 Graviorem
1083 2621 1150 2698 ego
1161 2598 1252 2672 mihi

161 2737 300 2785 causam
317 2701 633 2781 invenisse'videor
652 2709 689 2780 in
707 2708 767 2781 itta
782 2711 968 2808 popularis
988 2711 1113 2808 gratiae
1133 2729 1252 2810 capta·

160 2825 283 2914 tione,
301 2823 400 2921 cujus
416 2825 453 2893 in
468 2820 613 2894 Electra
630 2819 747 2918 prima
763 2819 1087 2919 deprehenduntur
1105 2822 1249 2914 indicia,

160 2935 328 3035 positam.
349 2933 443 3005 Nam
461 2948 498 3005 et
514 2931 692 3025 Athenas,
710 2949 853 3032 arrepta
873 2931 1037 3033 cupidius
1049 2936 1250 3027 occasione,

160 3072 179 3118 a
206 3045 274 3118 diis
298 3060 495 3119 exstructas
518 3060 721 3141 nuncupat,
750 3059 787 3116 et
811 3043 1044 3134 Atheniensi,
1074 3047 1137 3148 qui
1161 3075 1252 3121 unus

159 3160 276 3232 suerat
294 3181 339 3230 ex
360 3156 484 3230 decem
504 3157 711 3230 certaminis
735 3159 913 3258 equestris
930 3160 1249 3257 competitoribus,

160 3271 342 3371 egregiam
357 3268 486 3342 tribuit
502 3269 688 3370 aurigandi
704 3272 873 3370 peritiam
888 3271 940 3369 (v.
957 3275 1043 3356 727,
1058 3278 1146 3370 γνοὺς
1160 3277 1190 3344 δ’
1201 3278 1253 3358 οὑξ

161 3371 282 3464 risurus
298 3388 394 3466 δεινὸς
410 3386 617 3482 ἡνιοστρόφος)
633 3382 870 3483 eumdemque
892 3383 983 3454 tristi
1002 3380 1136 3455 Orestis
1153 3383 1251 3458 exitu

160 3497 337 3568 victorem
356 3492 481 3565 abiisse
501 3509 592 3566 tecte
612 3495 802 3592 significat.

208 3605 278 3679 Per
306 3605 402 3680 idem
429 3622 569 3704 tempus
594 3604 728 3705 OEdipi
761 3607 911 3681 Colonei
936 3606 1067 3680 fabulae
1096 3607 1250 3706 speciem

163 3719 358 3815 Sophocles
371 3734 493 3790 mente
509 3717 713 3814 concepisse
726 3743 767 3790 ac
781 3719 879 3818 quasi
899 3718 1034 3817 primas
1050 3721 1124 3819 ejus
1141 3719 1251 3792 lineas
1272 3741 1274 3746 ’

160 3829 305 3905 videtur
328 3829 483 3903 duxisse.
513 3828 727 3932 Quanquam
752 3833 850 3906 enim
875 3832 1058 3906 luculenta
1088 3847 1251 3905 veterum

202 4123 211 4147 ¹
227 4111 398 4184 Athenaeus,
414 4112 435 4172 l.
451 4109 500 4185 X,
514 4134 545 4192 p.
560 4109 633 4174 453.

202 4217 213 4242 ²
228 4205 409 4287 Bernhardy,
427 4207 595 4267 Geschichte
610 4207 661 4268 der
672 4210 780 4288 griech.
799 4209 919 4286 Poesie,
935 4232 964 4292 p.
980 4211 1051 4270 805.

203 4297 216 4336 ³
229 4301 273 4360 De
284 4301 429 4384 tragoediae
441 4318 485 4387 gr.
501 4304 697 4389 principibus,
713 4328 742 4388 p.
760 4307 840 4390 1384
