2990 4804
596 321 792 406 ...51-

151 466 407 557 meminerit,
428 467 609 542 videamus
621 495 709 544 num
728 484 846 569 poetae
864 468 990 570 tragici
1008 483 1044 542 et
1061 471 1238 569 imprimis

151 597 271 656 noster
303 575 522 682 quandoque
555 579 600 654 de
634 581 806 654 industria
845 571 1015 654 tenebrae
1038 579 1239 657 narrationi

149 691 352 770 effundant.
379 691 431 764 Ac
452 707 548 766 certe
567 717 693 792 parurn
714 692 898 793 perspicue
916 694 951 766 in
969 691 1241 793 OEdipo'Colo-

151 829 219 880 neo
233 805 277 876 de
290 801 425 904 OEdipi
441 804 590 877 interitu
604 806 765 905 loquitur
778 805 972 912 Sophocles
985 806 1058 877 sivo
1072 823 1242 880 verecun-
1316 790 1325 800 ²

150 917 289 992 diosive
301 915 399 1016 quod
410 937 489 988 rem
507 918 676 1008 nesciret,
697 919 770 991 sive
784 917 882 1019 quod
898 919 935 990 in
949 941 990 990 re
1005 916 1113 990 dubia
1128 920 1242 994 maxi·
1269 963 1287 1014 s

150 1053 213 1104 mo
230 1027 450 1104 audientium
480 1029 621 1102 animos
646 1046 785 1103 terrore
810 1027 959 1130 percelli
977 1029 1125 1104 haberet
1154 1012 1269 1130 pera'

151 1157 325 1242 rpeetnm.
358 1141 417 1213 Sic
445 1139 588 1214 Electra
618 1141 655 1214 in
684 1141 801 1220 labnla
832 1143 1049 1242 cognomine
1077 1149 1127 1242 (v.
1159 1141 1248 1242 568)

152 1255 285 1354 lingnoe
295 1253 407 1340 iavet,
423 1276 534 1353 quum
550 1256 752 1354 superbam,
763 1277 871 1356 qnam
884 1254 1244 1356 Agamemnocontra

154 1366 307 1438 Dianam
324 1366 511 1455 emiserat,
532 1387 655 1438 vocem
677 1365 820 1465 (ἔποςτι)
840 1365 983 1440 silentio
1000 1366 1145 1466 premit.

202 1475 409 1568 Interdum,
436 1499 549 1578 quum
575 1475 622 1550 de
650 1478 799 1551 immani
820 1477 999 1579 quodam,
1020 1477 1117 1582 quod
1138 1479 1246 1552 etiam

155 1590 309 1688 proferri
325 1589 423 1662 nelos
448 1601 500 1661 eet
512 1643 522 1679 ,
542 1585 700 1664 iocinore
722 1591 855 1690 agitur,
875 1591 1062 1691 religiosus
1084 1607 1187 1690 poeta
1210 1589 1248 1663 itl

158 1701 270 1778 verbo
282 1700 488 1801 significare
499 1755 509 1790 ,
525 1726 634 1803 quam
655 1703 827 1778 illustrius
846 1701 1004 1776 indicare
1021 1703 1172 1775 mavult.
1191 1701 1248 1776 Sic

156 1815 193 1886 in
209 1816 346 1888 incesto
370 1813 506 1913 OEdipi
536 1829 572 1886 et
596 1815 749 1887 locustae
767 1815 1023 1906 matrimonio,
1050 1809 1146 1888 ond.
1166 1811 1245 1889 Col.

157 1953 194 2000 v.
211 1930 281 2002 935
303 1957 311 1998 :
1247 1936 1249 1946 '

486 2051 551 2112 Οὐδ’
564 2053 619 2131 ὅτῳ
633 2057 734 2133 γάμοι

321 2152 438 2219 ξυνόντας
451 2153 592 2233 triptotum
606 2152 710 2211 ἀνόσιοι
724 2157 858 2223 τέκνων,

159 2313 197 2372 et
213 2295 335 2400 paullo
350 2295 461 2386 inira,
483 2323 519 2371 v.
535 2301 609 2375 972
630 2328 638 2369 :

321 2442 417 2510 fientes
427 2459 480 2533 γάρ
492 2453 519 2530 μ’
535 2455 620 2508 ἔτικτε
635 2455 673 2528 (ᾦ
686 2458 730 2529 μοί
742 2473 787 2530 μοι
798 2454 900 2523 κακῶν)

323 2553 379 2607 οὐκ
400 2547 506 2606 εἰδότ’
526 2549 584 2604 οὒκ
603 2543 732 2619 εἰδυῖα,

158 2697 237 2754 tum
255 2681 292 2752 in
311 2678 457 2777 OEdipo
475 2679 594 2778 Rege,
613 2707 649 2752 V.
670 2682 743 2754 244
761 2710 769 2750 :
789 2690 888 2780 γάμον
905 2693 1026 2779 ἄγαμον
1048 2691 1250 2754 τεκνοῦνται

157 2801 210 2868 καὶ
234 2799 503 2888 τεκνούμενον,
523 2806 559 2862 et
583 2817 619 2861 V.
650 2787 746 2864 l36lr
767 2820 775 2860 τ
793 2795 937 2889 ὁμογενὴς
962 2793 993 2862 δ’
1018 2791 1071 2888 ἀφ’
1094 2787 1134 2862 ὧν
1161 2796 1252 2874 αὐτὸς

158 2913 229 3006 ἔφυν
252 2901 457 2998 τάλας,ἰν1)ἰ
482 2907 629 3002 ὅμογενής
653 2900 851 2976 insolenter
877 2900 984 2972 etiam
1006 2897 1123 2974 activo
1148 2901 1250 2972 se'nsu

158 3015 298 3090 dictum
311 3037 402 3106 esse,
417 3028 459 3087 ut
470 3039 506 3088 v.
519 3015 591 3088 460
608 3018 795 3116 ὁμόσπορος,
814 3007 860 3086 ob
872 3009 1083 3085 Hermanno
1097 3009 1253 3086 adnota-

158 3141 239 3200 tum
263 3139 328 3200 est.
348 3125 492 3226 insigne
514 3139 567 3195 est
585 3121 733 3224 quaesita
759 3121 820 3198 illo
844 3120 1062 3200 obscuritate
1087 3123 1254 3198 terribile

158 3237 309 3314 Tiresiae
329 3234 542 3311 vaticinium
552 3261 589 3310 ν.
609 3233 708 3312 424:

325 3377 412 3452 Ᾰλλων
424 3387 452 3448 δὲ
464 3391 561 3458 πλῆθος
575 3393 622 3447 οὐκ
635 3392 788 3450 ἔπαισθάνει
804 3398 902 3462 κακῶν,
992 3455 995 3462 1

325 3485 382 3545 ἅτ’
399 3487 560 3554 ἔξισώοτι
577 3494 633 3545 τοί
649 3491 737 3544 τεκαὶ
756 3495 829 3552 τοῖς
846 3494 915 3552 σοῖς
933 3489 1073 3558 τέκνοις,

161 3616 223 3692 ubi
240 3619 349 3692 etiam
365 3619 779 3693 annominatiomultum
791 3619 874 3692 sacit
884 3617 928 3692 nd
945 3619 1085 3694 animos
1100 3615 1254 3692 horrore

163 3729 386 3806 imbuendos.
399 3733 537 3806 Locum
544 3731 594 3806 sic
607 3729 798 3807 verterim:
813 3728 948 3808 Tutili
958 3749 992 3806 et
1001 3729 1121 3806 liberis
1132 3757 1255 3830 aequa-

164 3841 256 3915 bere.
279 3842 354 3942 Cur
370 3841 512 3933 liberis,
525 3843 759 3916 'manifestum
781 3873 790 3914 ε
811 3841 1012 3918 liberorum
1028 3842 1125 3916 enim
1142 3841 1255 3916 irater

162 3971 226 4045 est,
234 3977 348 4057 quum
357 3954 493 4048 eodem,
506 3971 613 4056 atque
625 3954 705 4055 ipsi,
714 3970 830 4028 matre
843 3971 979 4029 utatur.
993 3949 1176 4027 Sedetiam
1185 3952 1253 4028 sibi

162 4067 381 4168 aequabitur,
397 4095 509 4168 quum
524 4093 605 4168 quae
623 4066 717 4166 apud
729 4067 817 4140 alios
830 4065 993 4141 homines
1003 4065 1140 4141 diversa
1155 4083 1252 4159 sunt,

164 4194 294 4254 utnon
318 4177 413 4252 idem
430 4180 542 4278 posuit
562 4178 687 4253 iisdem
710 4177 805 4250 filius
822 4193 859 4252 et
876 4193 980 4284 puter
1006 4177 1104 4278 (quin
1130 4180 1255 4252 matris

163 4289 330 4387 maritus)
344 4288 484 4382 rideri,
504 4289 582 4364 haeo
595 4290 633 4363 in
651 4311 695 4366 eo
707 4305 845 4392 aequata
865 4287 1104 4391 apparebunt.
