2990 4804
628 271 824 342 ..55-

181 409 234 482 ris
249 404 461 479 mulieribus
473 403 633 480 adductis
645 408 783 484 salvum
795 433 868 482 esse
885 405 1077 481 Herculem
1090 405 1275 506 Dejanirae·

180 519 322 594 nuntiat
345 516 510 619 sedesque
535 520 689 595 maxima
709 520 839 620 laetitia
861 519 1049 609 exsiliunt;
1074 519 1131 592 rel
1155 545 1268 618 quum

178 631 470 730 Clytaemnestra,
496 631 583 706 salso
607 631 652 706 de
681 631 745 706 filii
772 647 890 707 morte
916 631 1047 706 nuntio
1072 631 1202 718 allato,
1230 656 1267 705 se

177 742 452 842 adulterumque
476 741 522 813 ab
546 743 645 816 omni
672 744 834 842 periculo
858 742 1099 843 omnibusque
1129 739 1267 818 insidiis

178 871 272 930 tutos
289 857 366 930 lore
374 871 518 954 sperat,
539 855 751 930 imminente
760 858 834 958 jam
847 883 888 929 ac
904 881 990 930 mox
1007 856 1167 930 irruente
1181 879 1266 952 per·

175 968 282 1042 nicie.
299 966 396 1041 Alias
409 964 518 1040 verba
536 983 670 1041 temere
686 970 812 1043 emissa
827 970 866 1042 in
882 970 968 1070 ejus,
988 969 1050 1068 qui
1070 993 1109 1042 ea
1124 967 1261 1056 emisit,

176 1098 283 1178 caput
297 1106 340 1153 ex
358 1081 539 1177 insperato
552 1080 862 1180 recidunt-„Cujus
880 1083 1022 1179 generis
1040 1095 1092 1153 est
1112 1092 1185 1150 tota
1202 1077 1262 1148 illa

174 1191 307 1291 OEdipi
321 1193 427 1291 Regis
440 1190 557 1264 sabula
565 1247 576 1282 ,
594 1194 631 1266 in
642 1220 712 1292 qua
723 1219 835 1293 quum
845 1189 1009 1290 OEdipus
1021 1191 1143 1266 statim
1157 1189 1261 1262 initio

173 1305 250 1404 Laji
284 1304 498 1394 occisorem,
526 1305 687 1404 quisquis
712 1304 838 1395 luerit,
867 1301 914 1378 ab
936 1303 1107 1397 omnium,
1127 1301 1260 1374 civium

172 1413 357 1490 domicilio
372 1433 504 1506 arceat,
520 1417 624 1517 eique
640 1442 732 1518 aqua
745 1431 781 1488 et
799 1414 871 1516 igni
885 1411 1095 1509 interdicat,
1111 1439 1187 1490 non
1202 1414 1260 1484 vi-

172 1526 255 1617 det,
277 1554 365 1601 mox
385 1523 422 1600 in
446 1553 482 1602 se
505 1525 786 1602 redundaturum
804 1554 877 1600 esse
894 1527 985 1601 hanc
1004 1526 1256 1602 calamitatem.

172 1639 345 1716 Similiter
358 1641 496 1732 Creon,
512 1667 624 1740 quum
639 1640 676 1714 in
692 1638 877 1741 Antigone
896 1641 944 1734 (v.
961 1642 1050 1730 tto,
1067 1639 1166 1740 sqq.)
1180 1667 1259 1740 per-

171 1751 303 1824 tinaces
329 1749 600 1854 obstinatosque
630 1752 768 1824 animos
795 1749 948 1823 maxime
973 1749 1091 1850 frangi
1114 1749 1259 1828 dixisset

169 1863 263 1937 haud
280 1865 397 1937 multo
414 1881 493 1964 post
518 1865 700 1938 verissime
719 1863 826 1938 etiam
845 1861 889 1935 de
908 1889 943 1938 se
965 1859 1034 1937 hoe
1048 1863 1257 1964 praedicasse

169 1993 299 2052 eventu
316 1976 462 2051 edoctus
481 1993 541 2051 est.
558 1977 615 2049 Sic
635 1976 837 2051 miserrima
856 1973 1041 2078 Dejanira,
1063 2002 1136 2080 quo
1158 1975 1258 2077 phil-

168 2105 228 2165 tro
244 2090 310 2164 sibi
327 2089 491 2164 Herculis
510 2115 671 2164 amorem
688 2089 964 2164 conciliaturam
977 2115 1050 2163 esse
1068 2088 1253 2189 sperabat,

168 2227 210 2275 eo
220 2228 255 2276 se
264 2219 300 2275 et
312 2203 486 2276 maritum
497 2201 667 2301 perdidit,
679 2203 820 2304 sataque
829 2201 1256 2304 cunctantiaimprudens

166 2331 372 2389 maluraVll.

215 2424 283 2499 Sed
295 2443 348 2516 ut,
365 2423 461 2527 quod
474 2424 587 2526 magis
599 2435 734 2498 nostrae
747 2423 946 2525 provinciae
961 2421 1087 2513 estad
1101 2426 1254 2500 ironiam

166 2539 203 2612 in
221 2539 341 2614 verbis
359 2539 512 2638 positam
535 2563 743 2638 pergamus,
770 2563 843 2612 uon
865 2535 1091 2614 morabimur
1114 2566 1153 2612 ea
1173 2567 1254 2642 quae

164 2651 326 2725 acerbius
344 2677 452 2750 quam
472 2647 612 2722 doctius
629 2667 665 2722 et
683 2649 843 2723 callidius
858 2649 952 2724 dicta
969 2667 1073 2744 sunt,
1093 2651 1191 2726 velut
1204 2663 1255 2728 τὸν

164 2773 280 2865 ἀγαθὸν
301 2771 433 2864 Κρέοντα
454 2760 602 2861 (Antig.
634 2789 667 2834 v.
693 2763 778 2860 3l),
798 2762 854 2834 vel
876 2775 964 2835 τοῦτο
980 2773 1113 2862 τάγαθὸν
1129 2771 1250 2858 taeta,

162 2875 220 2948 vel
237 2884 287 2949 τὸν
305 2879 424 2949 δίκαιον
446 2871 559 2972 (OEd.
581 2873 660 2946 Col.
680 2898 717 2943 r.
734 2873 836 2968 982),
855 2871 910 2944 vel
924 2895 1005 2972 quae
1018 2874 1131 2972 magis
1150 2899 1254 2973 urgu-

163 2987 297 3059 tiarum
310 3009 420 3086 (guam
433 2983 678 3083 ambiguitatis
689 2985 843 3081 speciem
859 3009 934 3083 prae
947 3009 984 3058 se
999 2986 1121 3059 lerunt
1129 3039 1140 3076 ,
1155 2988 1255 3062 velut

162 3103 234 3198 ἕρκη
255 3098 335 3194 (El.
356 3127 392 3170 v.
414 3098 514 3192 834),
533 3094 630 3195 quod
644 3095 749 3167 simul
771 3094 815 3168 de
832 3097 980 3185 monili,
1000 3086 1074 3196 quo
1084 3115 1255 3198 corrupta

108 3242 112 3246 ·
161 3207 334 3306 Eryphile
354 3209 617 3310 Amphiaraum
635 3207 819 3310 prodidit,
835 3227 871 3282 et
888 3208 933 3282 de
949 3211 1087 3286 insidiis
1110 3213 1146 3284 in
1167 3216 1253 3286 uni-

162 3345 305 3394 versum
324 3321 467 3395 videtur
485 3339 696 3422 usurpatum
710 3347 796 3396 esse.

209 3433 302 3507 Vera
330 3431 528 3533 Sophoclea
553 3434 774 3532 conspicitur
803 3433 919 3508 ironia
949 3433 1109 3508 indicto
1135 3433 1252 3535 Ajacis

161 3545 213 3645 (v.
232 3548 319 3648 552)
337 3575 346 3618 ι

322 3694 358 3765 ἐν
368 3717 407 3785 τῷ
421 3716 520 3790 ρροννῖν
530 3710 583 3788 γὰρ
595 3703 675 3784 μηδὲν
686 3704 794 3772 ἥδιστος
807 3707 882 3784 βίος,

157 3879 239 3958 quae
266 3877 377 3954 quum
403 3853 477 3954 ipse
501 3853 546 3930 de
571 3851 703 3954 puerili
727 3867 830 3926 aetate
853 3855 954 3928 omni
984 3853 1112 3928 dolore
1140 3881 1249 3930 vacua

156 3965 284 4039 dixisse
297 3979 416 4064 putat,
436 3963 480 4038 de
498 3993 533 4040 se
546 3991 677 4065 suaque
694 3963 873 4038 dementia
887 3966 989 4040 dicit.
1004 3967 1133 4048 Beatus
1150 3967 1257 4040 enim'

157 4076 223 4150 sibi
236 4103 309 4150 esse
320 4076 509 4151 videbatur
517 4078 621 4179 Ajax,
636 4103 748 4177 quum
763 4093 884 4152 mente
895 4097 1019 4177 captus
1029 4079 1112 4152 salsa
1127 4081 1252 4152 trium-

156 4188 217 4290 phi
231 4190 347 4289 specie
359 4189 520 4280 delusus,
538 4191 731 4292 gauderet:
746 4192 1008 4296 atsimulatque
1025 4192 1194 4292 resipuit,
1213 4193 1247 4263 in
