2990 4804
696 311 867 380 ..a-

237 443 374 538 monia,
411 439 519 542 Apud
545 441 755 541 AEschylum
785 443 979 545 tragoedias
1012 444 1128 518 facere
1165 442 1329 517 didicisse
1374 437 1375 442 ἵ

238 553 349 626 tradit
367 552 449 629 Vita
475 556 565 654 (παρ’
589 563 733 654 Αἰσχύλῳ
755 560 790 632 δὲ
815 566 868 638 τήν
890 561 1065 659 τραγῳδίαν
1085 556 1219 655 ἔμαθε);
1241 581 1329 630 mox

236 681 355 739 autem
373 666 608 768 praeceptoris
625 669 759 742 tumori
774 668 946 759 illudens,
962 681 1038 742 tum
1055 665 1217 743 detracto
1226 668 1328 742 omni

236 777 423 852 acerbiore
447 796 555 880 atque
581 779 831 856 ar'tiliciosiore
840 836 851 873 ,
868 781 926 858 cui
944 782 1098 856 nimium
1115 783 1189 881 ipse
1207 779 1330 854 indul-

236 909 353 985 serat,
371 893 569 968 verborum
588 910 763 993 apparatu
782 894 826 968 ad
846 895 1015 986 tertium,
1033 911 1073 968 ut
1089 892 1326 967 Plutarchus¹

236 1021 377 1096 censet,
393 1005 536 1080 dicendi
560 1033 671 1106 genus
690 1009 894 1106 pervenisse
914 1009 1043 1100 fertur,
1071 1006 1170 1108 quod
1189 1006 1233 1080 ad
1260 1005 1329 1080 ho-

234 1117 378 1192 minum
404 1145 525 1192 mores
554 1119 779 1220 aptissimum
802 1136 894 1195 esset
918 1119 1165 1220 depingendae
1192 1121 1329 1216 (ἠθικώ-

234 1231 366 1329 τατον).
402 1231 456 1304 Ac
490 1249 587 1305 certe
618 1234 740 1330 primo
775 1234 895 1307 statim
925 1233 1097 1307 tirocinio
1133 1247 1329 1330 spectatam

233 1342 392 1442 AEschyli
420 1345 577 1443 gloriam
598 1344 743 1419 videtur
768 1346 971 1445 infregisse,
1001 1345 1057 1418 cui
1084 1343 1214 1443 viginti
1245 1357 1330 1418 octo
1394 1418 1403 1425 ,

233 1454 1329 1554 anuosnatus(Ol.txxv11,lr)Triptolemosuo,utLessingius

233 1581 408 1656 autumat,
421 1566 592 1665 palmam,
609 1567 770 1640 Cimonis
778 1569 970 1653 sententia,
984 1563 1209 1665 eripuit.Sed
1222 1579 1328 1639 aetate

232 1679 459 1778 provectior,
474 1677 709 1779 Euripidem,
729 1680 791 1780 qui
805 1677 993 1777 parabasin
1012 1676 1196 1750 interdum
1214 1677 1329 1753 choro

233 1790 436 1863 inseruerat
455 1790 687 1864 aemulatione
709 1790 863 1891 quadam
882 1792 1043 1864 imitatus
1060 1816 1133 1864 esse
1156 1790 1326 1865 dicitur².

231 1903 418 1977 Extremas
430 1902 600 2004 quidem,
621 1930 703 2004 quae
717 1903 833 1977 adhuc
849 1920 1042 2004 supersunt
1056 1907 1131 2003 ojus
1145 1902 1276 1976 labulae
1292 1916 1329 1976 et

234 2014 471 2117 aequabili01e
492 2015 667 2089 orationis
688 2016 856 2107 llumine,
877 2035 914 2090 et
931 2017 1200 2117 colloquiorum
1217 2016 1261 2089 ad
1278 2016 1329 2090 so·

232 2130 393 2202 rensium
427 2130 563 2220 litium,
601 2155 690 2229 quas
722 2132 968 2230 maximopere
1002 2127 1217 2203 adamabant
1249 2145 1328 2202 tum

231 2244 405 2341 temporis
423 2240 676 2332 Athenienses,
696 2241 970 2317 similitudinem
994 2259 1222 2317 exaratorum
1243 2266 1329 2339 per-

231 2356 425 2455 petuitate,
451 2371 487 2433 et
516 2355 712 2455 exiguitate
738 2357 897 2454 partium
924 2357 1137 2431 melicarum
1166 2351 1329 2453 produnt

232 2470 459 2567 aliquatenus
475 2467 694 2541 celebratam
713 2468 813 2540 illam
830 2467 1015 2564 Euripidis
1032 2467 1284 2541 rivalitatem³.

280 2579 403 2672 Quum
418 2580 467 2650 sic
479 2581 576 2650 inter
587 2595 783 2675 utrumque
798 2578 972 2650 aemulum
983 2577 1159 2650 haesitasse
1169 2604 1210 2652 ae
1227 2578 1327 2677 quasi

231 2689 418 2764 fluctuasse
432 2688 593 2763 videatur
606 2687 797 2787 Sophoclis
809 2699 977 2785 ,οἰκονομία
997 2704 1033 2760 et
1049 2687 1191 2762 dicendi
1209 2688 1324 2778 ratio,

231 2803 330 2905 quod
355 2802 590 2876 triumvirum
612 2817 825 2876 nostrorum
844 2801 1040 2901 uuicuique
1062 2801 1255 2900 proprium
1274 2817 1328 2875 est

231 2944 272 2991 ac
287 2918 484 3017 peculiare,
503 2915 631 3015 primis
646 2930 787 2988 tautum
803 2914 906 2988 lineis
922 2912 1192 2988 adumbremus·

231 3141 313 3231 52.
351 3161 398 3212 aa
423 3159 629 3211 urscarurrus
658 3161 752 3224 Quor>
784 3159 887 3208 rursu
913 3159 1323 3231 ascara1‚soruoca1s,

449 3274 624 3325 suruums
651 3273 845 3322 urcrrouau
872 3271 1093 3322 rurmcamr.

667 3436 696 3494 1.
720 3431 765 3492 De
785 3429 883 3494 choro.

282 3565 475 3640 Ordiamur
497 3595 517 3640 a
545 3567 679 3662 choro,
705 3569 768 3669 qui
795 3568 906 3642 totius
933 3567 1122 3668 tragoediae
1146 3582 1197 3642 est·
1212 3573 1326 3670 priu-

275 3823 284 3849 ¹
308 3813 490 3889 Plutarchus,
501 3813 537 3874 de
550 3814 627 3874 Prol.
641 3816 672 3874 iu
683 3817 772 3890 virt,
783 3838 814 3898 p.
827 3817 880 3889 79,
892 3813 941 3877 13.
954 3811 1074 3890 Multa,
1086 3813 1203 3876 Grtect.
1214 3816 1326 3876 litera·

231 3909 455 3992 turgesclrr'clate,
473 3910 522 3984 ΙΙ,
539 3933 570 3991 p.
590 3912 659 3971 115.

272 4014 284 4042 ¹
308 4007 431 4082 Pollux,
447 4007 502 4081 lv,
520 4011 589 4067 111.

271 4099 283 4140 ³
305 4103 349 4162 Dc
373 4126 481 4186 quare
503 4101 631 4164 conferas
646 4102 683 4161 ab
703 4101 853 4164 Aristotele
871 4115 1015 4164 servatum
1035 4099 1184 4184 Sophoclis
1207 4099 1243 4161 de
1266 4099 1325 4162 Eu·

229 4199 332 4281 ripitlis
344 4201 556 4261 characteribus
570 4199 711 4279 judicium
726 4223 734 4257 :
747 4204 808 4259 Οἶοο
823 4209 868 4259 καὶ
882 4203 1007 4280 Σοφοκλῆς
1018 4205 1082 4280 ἔφη,
1101 4202 1180 4268 αὐτὸς
1193 4207 1239 4280 pir
1256 4203 1324 4268 οἴους

229 4297 271 4356 δεῖ
283 4311 376 4377 ποιοῖο,
390 4299 534 4383 Εὐριπίδην
542 4297 595 4372 di,
612 4300 662 4356 οἶοί
677 4299 753 4356 εἰσιν.
772 4297 885 4374 (Poet.‚
901 4317 927 4358 e.
946 4301 1047 4375 xm.)
