<?xml version="1.0" encoding="UTF-8"?>
<!DOCTYPE html PUBLIC "-//W3C//DTD XHTML 1.0 Transitional//EN"
    "http://www.w3.org/TR/xhtml1/DTD/xhtml1-transitional.dtd">
<html xmlns="http://www.w3.org/1999/xhtml" xml:lang="en" lang="en">
 <head>
  <title>
</title>
<meta http-equiv="Content-Type" content="text/html;charset=utf-8" />
  <meta name='ocr-system' content='tesseract 3.04.00' />
  <meta name='ocr-capabilities' content='ocr_page ocr_carea ocr_par ocr_line ocrx_word'/>
</head>
<body>
  <div class='ocr_page' id='page_1' title='image "./desophocleaedic00benlgoog_0020.png"; bbox 0 0 2990 4804; ppageno 0'>
   <div class='ocr_carea' id='block_1_1' title="bbox 622 295 799 366">
    <p class='ocr_par' dir='ltr' id='par_1_1' title="bbox 622 295 799 366">
     <span class='ocr_line' id='line_1_1' title="bbox 622 295 799 366; baseline 0.011 -14"><span class='ocrx_word' id='word_1_1' title='bbox 622 295 799 366; x_wconf 85' lang='grc'>..5.-</span> 
     </span>
    </p>
   </div>
   <div class='ocr_carea' id='block_1_2' title="bbox 155 426 1262 3783">
    <p class='ocr_par' dir='ltr' id='par_1_2' title="bbox 155 426 1262 3783">
     <span class='ocr_line' id='line_1_2' title="bbox 162 426 1260 537; baseline 0.005 -31"><span class='ocrx_word' id='word_1_2' title='bbox 162 432 303 534; x_wconf 83' lang='lat' dir='ltr'>cipium</span> <span class='ocrx_word' id='word_1_3' title='bbox 321 426 492 528; x_wconf 84' lang='lat' dir='ltr'>etfons².</span> <span class='ocrx_word' id='word_1_4' title='bbox 505 431 598 506; x_wconf 90' lang='lat' dir='ltr'>Huic</span> <span class='ocrx_word' id='word_1_5' title='bbox 611 433 647 506; x_wconf 92' lang='lat' dir='ltr'>in</span> <span class='ocrx_word' id='word_1_6' title='bbox 667 434 848 535; x_wconf 89' lang='lat' dir='ltr'>plerisque</span> <span class='ocrx_word' id='word_1_7' title='bbox 870 433 999 508; x_wconf 91' lang='lat' dir='ltr'>sabulis</span> <span class='ocrx_word' id='word_1_8' title='bbox 1018 437 1090 508; x_wconf 92' lang='lat' dir='ltr'>suis</span> <span class='ocrx_word' id='word_1_9' title='bbox 1106 439 1162 517; x_wconf 78' lang='lat' dir='ltr'>¹ita</span> <span class='ocrx_word' id='word_1_10' title='bbox 1183 435 1260 537; x_wconf 89' lang='lat' dir='ltr'>pri-</span> 
     </span>
     <span class='ocr_line' id='line_1_3' title="bbox 161 542 1262 649; baseline 0.008 -31"><span class='ocrx_word' id='word_1_11' title='bbox 161 545 293 618; x_wconf 89' lang='lat' dir='ltr'>marias</span> <span class='ocrx_word' id='word_1_12' title='bbox 319 560 440 644; x_wconf 90' lang='lat' dir='ltr'>partes</span> <span class='ocrx_word' id='word_1_13' title='bbox 461 542 628 619; x_wconf 80' lang='lat' dir='ltr'>tribuisse</span> <span class='ocrx_word' id='word_1_14' title='bbox 649 545 792 620; x_wconf 84' lang='lat' dir='ltr'>videtur</span> <span class='ocrx_word' id='word_1_15' title='bbox 823 546 1030 646; x_wconf 82' lang='lat' dir='ltr'>AEschylus,</span> <span class='ocrx_word' id='word_1_16' title='bbox 1062 566 1102 622; x_wconf 91' lang='lat' dir='ltr'>ut</span> <span class='ocrx_word' id='word_1_17' title='bbox 1132 550 1262 649; x_wconf 89' lang='lat' dir='ltr'>lyricas</span> 
     </span>
     <span class='ocr_line' id='line_1_4' title="bbox 162 656 1260 758; baseline 0.007 -32"><span class='ocrx_word' id='word_1_18' title='bbox 162 656 334 756; x_wconf 87' lang='lat' dir='ltr'>quasdam</span> <span class='ocrx_word' id='word_1_19' title='bbox 362 656 648 730; x_wconf 74' lang='lat' dir='ltr'><strong>concertationes</strong></span> <span class='ocrx_word' id='word_1_20' title='bbox 678 659 798 756; x_wconf 86' lang='lat' dir='ltr'>potius</span> <span class='ocrx_word' id='word_1_21' title='bbox 828 684 938 758; x_wconf 90' lang='lat' dir='ltr'>quam</span> <span class='ocrx_word' id='word_1_22' title='bbox 967 661 1148 734; x_wconf 84' lang='lat' dir='ltr'>actionem</span> <span class='ocrx_word' id='word_1_23' title='bbox 1173 686 1260 734; x_wconf 83' lang='lat' dir='ltr'>rere</span> 
     </span>
     <span class='ocr_line' id='line_1_5' title="bbox 161 765 1261 868; baseline 0.002 -28"><span class='ocrx_word' id='word_1_24' title='bbox 161 765 400 840; x_wconf 73' lang='lat' dir='ltr'>dramaticum</span> <span class='ocrx_word' id='word_1_25' title='bbox 430 791 579 840; x_wconf 88' lang='lat' dir='ltr'>cernere</span> <span class='ocrx_word' id='word_1_26' title='bbox 606 769 800 868; x_wconf 81' lang='lat' dir='ltr'>putareris.</span> <span class='ocrx_word' id='word_1_27' title='bbox 829 769 935 864; x_wconf 88' lang='lat' dir='ltr'>Quod</span> <span class='ocrx_word' id='word_1_28' title='bbox 961 771 1261 844; x_wconf 85' lang='lat' dir='ltr'>maximecarmi-</span> 
     </span>
     <span class='ocr_line' id='line_1_6' title="bbox 161 870 1259 982; baseline 0.004 -30"><span class='ocrx_word' id='word_1_29' title='bbox 161 879 290 970; x_wconf 88' lang='lat' dir='ltr'>nibus,</span> <span class='ocrx_word' id='word_1_30' title='bbox 307 879 438 980; x_wconf 86' lang='lat' dir='ltr'>quibus</span> <span class='ocrx_word' id='word_1_31' title='bbox 449 881 596 952; x_wconf 86' lang='lat' dir='ltr'>commis</span> <span class='ocrx_word' id='word_1_32' title='bbox 615 905 750 954; x_wconf 89' lang='lat' dir='ltr'>nomen</span> <span class='ocrx_word' id='word_1_33' title='bbox 764 895 852 969; x_wconf 77' lang='lat' dir='ltr'>est’,</span> <span class='ocrx_word' id='word_1_34' title='bbox 867 870 1078 980; x_wconf 78' lang='lat' dir='ltr'>saepiuscule</span> <span class='ocrx_word' id='word_1_35' title='bbox 1090 911 1259 982; x_wconf 79' lang='lat' dir='ltr'>maguam</span> 
     </span>
     <span class='ocr_line' id='line_1_7' title="bbox 160 990 1259 1094; baseline 0.009 -30"><span class='ocrx_word' id='word_1_36' title='bbox 160 990 292 1065; x_wconf 82' lang='lat' dir='ltr'>labulae</span> <span class='ocrx_word' id='word_1_37' title='bbox 309 1008 452 1091; x_wconf 91' lang='lat' dir='ltr'>partem</span> <span class='ocrx_word' id='word_1_38' title='bbox 470 992 704 1091; x_wconf 85' lang='lat' dir='ltr'><strong>implentibus</strong></span> <span class='ocrx_word' id='word_1_39' title='bbox 721 993 900 1071; x_wconf 89' lang='lat' dir='ltr'>elucescit.</span> <span class='ocrx_word' id='word_1_40' title='bbox 917 994 947 1066; x_wconf 91' lang='lat' dir='ltr'>E</span> <span class='ocrx_word' id='word_1_41' title='bbox 963 996 1150 1070; x_wconf 90' lang='lat' dir='ltr'>contrario</span> <span class='ocrx_word' id='word_1_42' title='bbox 1163 995 1259 1094; x_wconf 86' lang='lat' dir='ltr'>apud</span> 
     </span>
     <span class='ocr_line' id='line_1_8' title="bbox 159 1102 1260 1202; baseline 0.005 -26"><span class='ocrx_word' id='word_1_43' title='bbox 159 1102 376 1202; x_wconf 83' lang='lat' dir='ltr'>Euripidem</span> <span class='ocrx_word' id='word_1_44' title='bbox 398 1105 448 1176; x_wconf 90' lang='lat' dir='ltr'>ita</span> <span class='ocrx_word' id='word_1_45' title='bbox 470 1105 616 1178; x_wconf 84' lang='lat' dir='ltr'>evanuit</span> <span class='ocrx_word' id='word_1_46' title='bbox 632 1103 736 1179; x_wconf 88' lang='lat' dir='ltr'>chori</span> <span class='ocrx_word' id='word_1_47' title='bbox 765 1121 1016 1195; x_wconf 85' lang='lat' dir='ltr'><strong>momentum,</strong></span> <span class='ocrx_word' id='word_1_48' title='bbox 1037 1125 1079 1180; x_wconf 89' lang='lat' dir='ltr'>ut</span> <span class='ocrx_word' id='word_1_49' title='bbox 1098 1107 1157 1182; x_wconf 87' lang='lat' dir='ltr'>lric</span> <span class='ocrx_word' id='word_1_50' title='bbox 1183 1109 1260 1182; x_wconf 85' lang='lat' dir='ltr'>illic</span> 
     </span>
     <span class='ocr_line' id='line_1_9' title="bbox 158 1215 1261 1317; baseline 0.004 -29"><span class='ocrx_word' id='word_1_51' title='bbox 158 1241 291 1317; x_wconf 91' lang='lat' dir='ltr'>parum</span> <span class='ocrx_word' id='word_1_52' title='bbox 321 1215 493 1306; x_wconf 86' lang='lat' dir='ltr'>abluerit,</span> <span class='ocrx_word' id='word_1_53' title='bbox 516 1230 558 1288; x_wconf 92' lang='lat' dir='ltr'>ut</span> <span class='ocrx_word' id='word_1_54' title='bbox 577 1215 738 1289; x_wconf 79' lang='lat' dir='ltr'>funditus</span> <span class='ocrx_word' id='word_1_55' title='bbox 757 1242 841 1291; x_wconf 91' lang='lat' dir='ltr'>eum</span> <span class='ocrx_word' id='word_1_56' title='bbox 863 1220 1046 1291; x_wconf 82' lang='lat' dir='ltr'>sustulerit</span> <span class='ocrx_word' id='word_1_57' title='bbox 1071 1237 1132 1292; x_wconf 89' lang='lat' dir='ltr'>aut</span> <span class='ocrx_word' id='word_1_58' title='bbox 1161 1236 1261 1292; x_wconf 87' lang='lat' dir='ltr'>certe</span> 
     </span>
     <span class='ocr_line' id='line_1_10' title="bbox 158 1327 1261 1428; baseline 0 -26"><span class='ocrx_word' id='word_1_59' title='bbox 158 1327 363 1428; x_wconf 81' lang='lat' dir='ltr'>Agathouis</span> <span class='ocrx_word' id='word_1_60' title='bbox 381 1327 621 1418; x_wconf 85' lang='lat' dir='ltr'>carminibus,</span> <span class='ocrx_word' id='word_1_61' title='bbox 646 1353 728 1427; x_wconf 86' lang='lat' dir='ltr'>quae</span> <span class='ocrx_word' id='word_1_62' title='bbox 753 1337 903 1426; x_wconf 73' lang='grc' dir='ltr'>ἐμὸόλιμα</span> <span class='ocrx_word' id='word_1_63' title='bbox 916 1345 1106 1419; x_wconf 84' lang='lat' dir='ltr'>vocantur,</span> <span class='ocrx_word' id='word_1_64' title='bbox 1125 1331 1261 1403; x_wconf 89' lang='lat' dir='ltr'>assimi-</span> 
     </span>
     <span class='ocr_line' id='line_1_11' title="bbox 158 1439 1254 1539; baseline 0.002 -27"><span class='ocrx_word' id='word_1_65' title='bbox 158 1439 258 1512; x_wconf 90' lang='lat' dir='ltr'>larit.</span> <span class='ocrx_word' id='word_1_66' title='bbox 279 1439 402 1512; x_wconf 89' lang='lat' dir='ltr'>Omnis</span> <span class='ocrx_word' id='word_1_67' title='bbox 413 1465 560 1539; x_wconf 90' lang='lat' dir='ltr'>poeseos</span> <span class='ocrx_word' id='word_1_68' title='bbox 575 1464 709 1512; x_wconf 87' lang='lat' dir='ltr'>nervus</span> <span class='ocrx_word' id='word_1_69' title='bbox 725 1467 743 1512; x_wconf 91' lang='lat' dir='ltr'>a</span> <span class='ocrx_word' id='word_1_70' title='bbox 760 1439 875 1514; x_wconf 87' lang='lat' dir='ltr'>choro</span> <span class='ocrx_word' id='word_1_71' title='bbox 889 1467 965 1516; x_wconf 91' lang='lat' dir='ltr'>nou</span> <span class='ocrx_word' id='word_1_72' title='bbox 977 1440 1021 1514; x_wconf 90' lang='lat' dir='ltr'>ad</span> <span class='ocrx_word' id='word_1_73' title='bbox 1035 1441 1254 1532; x_wconf 90' lang='lat' dir='ltr'>diverbium,</span> 
     </span>
     <span class='ocr_line' id='line_1_12' title="bbox 159 1549 1258 1645; baseline 0 -20"><span class='ocrx_word' id='word_1_74' title='bbox 159 1567 201 1625; x_wconf 89' lang='lat' dir='ltr'>ut</span> <span class='ocrx_word' id='word_1_75' title='bbox 221 1549 370 1643; x_wconf 81' lang='lat' dir='ltr'>debuit,</span> <span class='ocrx_word' id='word_1_76' title='bbox 393 1550 454 1626; x_wconf 89' lang='lat' dir='ltr'>sed</span> <span class='ocrx_word' id='word_1_77' title='bbox 474 1551 518 1624; x_wconf 90' lang='lat' dir='ltr'>ad</span> <span class='ocrx_word' id='word_1_78' title='bbox 537 1553 674 1626; x_wconf 90' lang='lat' dir='ltr'>cantica</span> <span class='ocrx_word' id='word_1_79' title='bbox 694 1562 734 1626; x_wconf 79' lang='grc' dir='ltr'>τὰ</span> <span class='ocrx_word' id='word_1_80' title='bbox 754 1563 813 1627; x_wconf 82' lang='grc' dir='ltr'>ἀπὸ</span> <span class='ocrx_word' id='word_1_81' title='bbox 841 1571 975 1645; x_wconf 81' lang='grc' dir='ltr'>σκηνῆς,</span> <span class='ocrx_word' id='word_1_82' title='bbox 992 1555 1049 1626; x_wconf 88' lang='lat' dir='ltr'>vel</span> <span class='ocrx_word' id='word_1_83' title='bbox 1068 1554 1258 1628; x_wconf 89' lang='lat' dir='ltr'>monodias</span> 
     </span>
     <span class='ocr_line' id='line_1_13' title="bbox 158 1664 1253 1764; baseline -0.001 -26"><span class='ocrx_word' id='word_1_84' title='bbox 158 1664 205 1738; x_wconf 90' lang='lat' dir='ltr'>ab</span> <span class='ocrx_word' id='word_1_85' title='bbox 225 1679 349 1738; x_wconf 87' lang='lat' dir='ltr'>actore</span> <span class='ocrx_word' id='word_1_86' title='bbox 367 1665 584 1764; x_wconf 90' lang='lat' dir='ltr'>primarium</span> <span class='ocrx_word' id='word_1_87' title='bbox 611 1665 771 1763; x_wconf 89' lang='lat' dir='ltr'>partium</span> <span class='ocrx_word' id='word_1_88' title='bbox 793 1682 950 1739; x_wconf 88' lang='lat' dir='ltr'>cantatas</span> <span class='ocrx_word' id='word_1_89' title='bbox 974 1667 1166 1739; x_wconf 89' lang='lat' dir='ltr'>translatus</span> <span class='ocrx_word' id='word_1_90' title='bbox 1187 1682 1253 1738; x_wconf 89' lang='lat' dir='ltr'>est.</span> 
     </span>
     <span class='ocr_line' id='line_1_14' title="bbox 158 1776 1255 1877; baseline 0.003 -27"><span class='ocrx_word' id='word_1_91' title='bbox 158 1776 296 1872; x_wconf 87' lang='lat' dir='ltr'>Quibus</span> <span class='ocrx_word' id='word_1_92' title='bbox 319 1778 476 1850; x_wconf 84' lang='lat' dir='ltr'>maxime</span> <span class='ocrx_word' id='word_1_93' title='bbox 504 1802 652 1876; x_wconf 86' lang='lat' dir='ltr'>operam</span> <span class='ocrx_word' id='word_1_94' title='bbox 681 1776 781 1851; x_wconf 86' lang='lat' dir='ltr'>dedit</span> <span class='ocrx_word' id='word_1_95' title='bbox 812 1777 1024 1877; x_wconf 85' lang='lat' dir='ltr'>Euripides,</span> <span class='ocrx_word' id='word_1_96' title='bbox 1053 1795 1095 1852; x_wconf 89' lang='lat' dir='ltr'>ut</span> <span class='ocrx_word' id='word_1_97' title='bbox 1120 1778 1255 1853; x_wconf 88' lang='lat' dir='ltr'>civium</span> 
     </span>
     <span class='ocr_line' id='line_1_15' title="bbox 158 1887 1257 1988; baseline -0.001 -27"><span class='ocrx_word' id='word_1_98' title='bbox 158 1889 305 1962; x_wconf 90' lang='lat' dir='ltr'>auribus</span> <span class='ocrx_word' id='word_1_99' title='bbox 319 1906 355 1961; x_wconf 91' lang='lat' dir='ltr'>et</span> <span class='ocrx_word' id='word_1_100' title='bbox 371 1887 534 1963; x_wconf 88' lang='lat' dir='ltr'>moribus</span> <span class='ocrx_word' id='word_1_101' title='bbox 551 1887 783 1980; x_wconf 78' lang='lat' dir='ltr'>satisfaceret,</span> <span class='ocrx_word' id='word_1_102' title='bbox 804 1887 898 1963; x_wconf 89' lang='lat' dir='ltr'>haud</span> <span class='ocrx_word' id='word_1_103' title='bbox 918 1890 1073 1988; x_wconf 89' lang='lat' dir='ltr'>amplius</span> <span class='ocrx_word' id='word_1_104' title='bbox 1090 1914 1257 1988; x_wconf 82' lang='lat' dir='ltr'>progres-</span> 
     </span>
     <span class='ocr_line' id='line_1_16' title="bbox 158 2001 1254 2103; baseline 0.001 -31"><span class='ocrx_word' id='word_1_105' title='bbox 158 2001 250 2075; x_wconf 90' lang='lat' dir='ltr'>sioni</span> <span class='ocrx_word' id='word_1_106' title='bbox 275 2002 328 2074; x_wconf 93' lang='lat' dir='ltr'>illi</span> <span class='ocrx_word' id='word_1_107' title='bbox 347 2027 388 2074; x_wconf 91' lang='lat' dir='ltr'>ac</span> <span class='ocrx_word' id='word_1_108' title='bbox 407 2001 638 2100; x_wconf 85' lang='lat' dir='ltr'>perpetuitati</span> <span class='ocrx_word' id='word_1_109' title='bbox 662 2001 832 2094; x_wconf 88' lang='lat' dir='ltr'>actionis,</span> <span class='ocrx_word' id='word_1_110' title='bbox 855 2028 937 2103; x_wconf 85' lang='lat' dir='ltr'>quae</span> <span class='ocrx_word' id='word_1_111' title='bbox 960 2003 997 2074; x_wconf 89' lang='lat' dir='ltr'>in</span> <span class='ocrx_word' id='word_1_112' title='bbox 1018 2027 1054 2075; x_wconf 92' lang='lat' dir='ltr'>se</span> <span class='ocrx_word' id='word_1_113' title='bbox 1072 2002 1145 2100; x_wconf 89' lang='lat' dir='ltr'>ipsa</span> <span class='ocrx_word' id='word_1_114' title='bbox 1164 2003 1254 2073; x_wconf 90' lang='lat' dir='ltr'>niti-</span> 
     </span>
     <span class='ocr_line' id='line_1_17' title="bbox 158 2112 1255 2213; baseline 0.001 -29"><span class='ocrx_word' id='word_1_115' title='bbox 158 2127 233 2204; x_wconf 90' lang='lat' dir='ltr'>tur‚</span> <span class='ocrx_word' id='word_1_116' title='bbox 256 2113 478 2205; x_wconf 80' lang='lat' dir='ltr'>assuefactis,</span> <span class='ocrx_word' id='word_1_117' title='bbox 509 2112 570 2185; x_wconf 85' lang='lat' dir='ltr'>sed</span> <span class='ocrx_word' id='word_1_118' title='bbox 593 2114 656 2213; x_wconf 93' lang='lat' dir='ltr'>qui</span> <span class='ocrx_word' id='word_1_119' title='bbox 678 2112 873 2188; x_wconf 86' lang='lat' dir='ltr'>allectuum</span> <span class='ocrx_word' id='word_1_120' title='bbox 902 2113 1255 2213; x_wconf 88' lang='lat' dir='ltr'>perturbationibus,</span> 
     </span>
     <span class='ocr_line' id='line_1_18' title="bbox 157 2225 1252 2326; baseline 0.001 -27"><span class='ocrx_word' id='word_1_121' title='bbox 157 2253 198 2300; x_wconf 89' lang='lat' dir='ltr'>ac</span> <span class='ocrx_word' id='word_1_122' title='bbox 224 2225 441 2326; x_wconf 89' lang='lat' dir='ltr'>quibusdam</span> <span class='ocrx_word' id='word_1_123' title='bbox 476 2226 607 2298; x_wconf 89' lang='lat' dir='ltr'>mentis</span> <span class='ocrx_word' id='word_1_124' title='bbox 639 2228 738 2326; x_wconf 82' lang='lat' dir='ltr'>quasi</span> <span class='ocrx_word' id='word_1_125' title='bbox 764 2226 939 2300; x_wconf 89' lang='lat' dir='ltr'>incendiis</span> <span class='ocrx_word' id='word_1_126' title='bbox 970 2225 1252 2300; x_wconf 87' lang='lat' dir='ltr'>delectarentur.</span> 
     </span>
     <span class='ocr_line' id='line_1_19' title="bbox 156 2335 1250 2438; baseline 0.001 -28"><span class='ocrx_word' id='word_1_127' title='bbox 156 2337 280 2438; x_wconf 85' lang='lat' dir='ltr'>Atque</span> <span class='ocrx_word' id='word_1_128' title='bbox 297 2339 398 2411; x_wconf 84' lang='lat' dir='ltr'>velut</span> <span class='ocrx_word' id='word_1_129' title='bbox 421 2335 467 2409; x_wconf 90' lang='lat' dir='ltr'>ab</span> <span class='ocrx_word' id='word_1_130' title='bbox 483 2335 714 2434; x_wconf 81' lang='lat' dir='ltr'>dithyrambo</span> <span class='ocrx_word' id='word_1_131' title='bbox 732 2338 877 2412; x_wconf 89' lang='lat' dir='ltr'>initium</span> <span class='ocrx_word' id='word_1_132' title='bbox 891 2353 1034 2436; x_wconf 86' lang='lat' dir='ltr'>ceperat</span> <span class='ocrx_word' id='word_1_133' title='bbox 1051 2338 1250 2436; x_wconf 78' lang='lat' dir='ltr'>tragoedia,</span> 
     </span>
     <span class='ocr_line' id='line_1_20' title="bbox 157 2445 1253 2551; baseline 0.004 -29"><span class='ocrx_word' id='word_1_134' title='bbox 157 2451 195 2524; x_wconf 91' lang='lat' dir='ltr'>in</span> <span class='ocrx_word' id='word_1_135' title='bbox 207 2448 438 2548; x_wconf 76' lang='lat' dir='ltr'>dithyrambo</span> <span class='ocrx_word' id='word_1_136' title='bbox 448 2449 555 2521; x_wconf 89' lang='lat' dir='ltr'>etiam</span> <span class='ocrx_word' id='word_1_137' title='bbox 568 2448 815 2549; x_wconf 86' lang='lat' dir='ltr'>conquievisse</span> <span class='ocrx_word' id='word_1_138' title='bbox 826 2445 983 2540; x_wconf 85' lang='lat' dir='ltr'>videtur,</span> <span class='ocrx_word' id='word_1_139' title='bbox 994 2450 1129 2550; x_wconf 88' lang='lat' dir='ltr'>quippe</span> <span class='ocrx_word' id='word_1_140' title='bbox 1138 2477 1253 2551; x_wconf 87' lang='lat' dir='ltr'>quum</span> 
     </span>
     <span class='ocr_line' id='line_1_21' title="bbox 155 2561 1253 2662; baseline 0.004 -28"><span class='ocrx_word' id='word_1_141' title='bbox 155 2563 360 2654; x_wconf 87' lang='lat' dir='ltr'>monodiae,</span> <span class='ocrx_word' id='word_1_142' title='bbox 378 2563 439 2635; x_wconf 90' lang='lat' dir='ltr'>illa</span> <span class='ocrx_word' id='word_1_143' title='bbox 455 2561 668 2635; x_wconf 88' lang='lat' dir='ltr'>recentioris</span> <span class='ocrx_word' id='word_1_144' title='bbox 683 2561 872 2662; x_wconf 85' lang='lat' dir='ltr'>tragoediae</span> <span class='ocrx_word' id='word_1_145' title='bbox 892 2563 1029 2638; x_wconf 87' lang='lat' dir='ltr'>lumina</span> <span class='ocrx_word' id='word_1_146' title='bbox 1040 2589 1052 2653; x_wconf 67' lang='lat'><em>3</em></span> <span class='ocrx_word' id='word_1_147' title='bbox 1072 2588 1166 2662; x_wconf 86' lang='lat' dir='ltr'>saepe</span> <span class='ocrx_word' id='word_1_148' title='bbox 1177 2564 1253 2638; x_wconf 89' lang='lat' dir='ltr'>sine</span> 
     </span>
     <span class='ocr_line' id='line_1_22' title="bbox 156 2673 1250 2776; baseline 0.004 -29"><span class='ocrx_word' id='word_1_149' title='bbox 156 2673 992 2776; x_wconf 65' lang='lat' dir='ltr'>antistropharumresponsione(daolslapa&#39;rac)</span> <span class='ocrx_word' id='word_1_150' title='bbox 1003 2678 1250 2776; x_wconf 80' lang='lat' dir='ltr'>proferantur.</span> 
     </span>
     <span class='ocr_line' id='line_1_23' title="bbox 156 2785 1253 2888; baseline 0.001 -30"><span class='ocrx_word' id='word_1_151' title='bbox 156 2786 265 2887; x_wconf 90' lang='lat' dir='ltr'>Apud</span> <span class='ocrx_word' id='word_1_152' title='bbox 278 2785 494 2886; x_wconf 91' lang='lat' dir='ltr'>Sophoclem</span> <span class='ocrx_word' id='word_1_153' title='bbox 514 2787 645 2859; x_wconf 92' lang='lat' dir='ltr'>chorus</span> <span class='ocrx_word' id='word_1_154' title='bbox 661 2812 763 2878; x_wconf 87' lang='lat' dir='ltr'>eum,</span> <span class='ocrx_word' id='word_1_155' title='bbox 783 2813 891 2888; x_wconf 90' lang='lat' dir='ltr'>quem</span> <span class='ocrx_word' id='word_1_156' title='bbox 905 2785 1032 2879; x_wconf 84' lang='lat' dir='ltr'>debet,</span> <span class='ocrx_word' id='word_1_157' title='bbox 1047 2789 1168 2860; x_wconf 90' lang='lat' dir='ltr'>locum</span> <span class='ocrx_word' id='word_1_158' title='bbox 1187 2785 1253 2861; x_wconf 94' lang='lat' dir='ltr'>ob-</span> 
     </span>
     <span class='ocr_line' id='line_1_24' title="bbox 158 2897 1251 2998; baseline 0 -28"><span class='ocrx_word' id='word_1_159' title='bbox 158 2899 272 2989; x_wconf 88' lang='lat' dir='ltr'>tinet,</span> <span class='ocrx_word' id='word_1_160' title='bbox 289 2915 330 2972; x_wconf 86' lang='lat' dir='ltr'>ut</span> <span class='ocrx_word' id='word_1_161' title='bbox 347 2923 414 2972; x_wconf 88' lang='lat' dir='ltr'>nec</span> <span class='ocrx_word' id='word_1_162' title='bbox 437 2924 577 2972; x_wconf 84' lang='lat' dir='ltr'>causam</span> <span class='ocrx_word' id='word_1_163' title='bbox 600 2924 746 2995; x_wconf 77' lang='lat' dir='ltr'>rerum,</span> <span class='ocrx_word' id='word_1_164' title='bbox 773 2925 855 2998; x_wconf 82' lang='lat' dir='ltr'>quae</span> <span class='ocrx_word' id='word_1_165' title='bbox 873 2914 1045 2996; x_wconf 81' lang='lat' dir='ltr'>aguntur,</span> <span class='ocrx_word' id='word_1_166' title='bbox 1064 2897 1226 2995; x_wconf 83' lang='lat' dir='ltr'>praebeat</span> <span class='ocrx_word' id='word_1_167' title='bbox 1237 2954 1251 2990; x_wconf 91' lang='lat'>,</span> 
     </span>
     <span class='ocr_line' id='line_1_25' title="bbox 157 3011 1248 3111; baseline 0.001 -27"><span class='ocrx_word' id='word_1_168' title='bbox 157 3037 226 3085; x_wconf 89' lang='lat' dir='ltr'>nec</span> <span class='ocrx_word' id='word_1_169' title='bbox 254 3012 291 3085; x_wconf 94' lang='lat' dir='ltr'>in</span> <span class='ocrx_word' id='word_1_170' title='bbox 317 3027 534 3084; x_wconf 82' lang='lat' dir='ltr'>eventorum</span> <span class='ocrx_word' id='word_1_171' title='bbox 556 3013 762 3084; x_wconf 89' lang='lat' dir='ltr'>societatem</span> <span class='ocrx_word' id='word_1_172' title='bbox 786 3011 908 3082; x_wconf 87' lang='lat' dir='ltr'>veniat</span> <span class='ocrx_word' id='word_1_173' title='bbox 926 3011 1248 3111; x_wconf 73' lang='grc' dir='ltr'>(συναγωνίζεσθαι),</span> 
     </span>
     <span class='ocr_line' id='line_1_26' title="bbox 156 3119 1253 3224; baseline 0.002 -30"><span class='ocrx_word' id='word_1_174' title='bbox 156 3122 217 3197; x_wconf 92' lang='lat' dir='ltr'>sed</span> <span class='ocrx_word' id='word_1_175' title='bbox 235 3124 512 3224; x_wconf 88' lang='lat' dir='ltr'>uniuscujusque</span> <span class='ocrx_word' id='word_1_176' title='bbox 534 3139 633 3197; x_wconf 86' lang='lat' dir='ltr'>actus</span> <span class='ocrx_word' id='word_1_177' title='bbox 650 3121 708 3195; x_wconf 83' lang='lat' dir='ltr'>rel</span> <span class='ocrx_word' id='word_1_178' title='bbox 728 3119 877 3220; x_wconf 90' lang='lat' dir='ltr'>episodii</span> <span class='ocrx_word' id='word_1_179' title='bbox 895 3149 1073 3194; x_wconf 89' lang='lat' dir='ltr'>summam</span> <span class='ocrx_word' id='word_1_180' title='bbox 1096 3124 1253 3220; x_wconf 89' lang='lat' dir='ltr'>comple·</span> 
     </span>
     <span class='ocr_line' id='line_1_27' title="bbox 156 3233 1248 3336; baseline 0 -26"><span class='ocrx_word' id='word_1_181' title='bbox 156 3251 289 3328; x_wconf 82' lang='lat' dir='ltr'>utatur,</span> <span class='ocrx_word' id='word_1_182' title='bbox 309 3252 417 3336; x_wconf 87' lang='lat' dir='ltr'>atque</span> <span class='ocrx_word' id='word_1_183' title='bbox 442 3234 485 3308; x_wconf 90' lang='lat' dir='ltr'>ad</span> <span class='ocrx_word' id='word_1_184' title='bbox 510 3233 810 3309; x_wconf 89' lang='lat' dir='ltr'>deliberationem</span> <span class='ocrx_word' id='word_1_185' title='bbox 833 3235 974 3306; x_wconf 79' lang='lat' dir='ltr'>vocet³.</span> <span class='ocrx_word' id='word_1_186' title='bbox 1004 3233 1054 3304; x_wconf 87' lang='lat' dir='ltr'>At</span> <span class='ocrx_word' id='word_1_187' title='bbox 1076 3235 1248 3332; x_wconf 85' lang='lat' dir='ltr'>quoniam</span> 
     </span>
     <span class='ocr_line' id='line_1_28' title="bbox 156 3344 1250 3447; baseline -0.002 -26"><span class='ocrx_word' id='word_1_188' title='bbox 156 3349 250 3424; x_wconf 88' lang='lat' dir='ltr'>actio</span> <span class='ocrx_word' id='word_1_189' title='bbox 267 3349 422 3422; x_wconf 82' lang='lat' dir='ltr'>maxime</span> <span class='ocrx_word' id='word_1_190' title='bbox 443 3375 679 3447; x_wconf 88' lang='lat' dir='ltr'>personarum</span> <span class='ocrx_word' id='word_1_191' title='bbox 704 3347 826 3420; x_wconf 91' lang='lat' dir='ltr'>indole</span> <span class='ocrx_word' id='word_1_192' title='bbox 847 3373 888 3420; x_wconf 87' lang='lat' dir='ltr'>ac</span> <span class='ocrx_word' id='word_1_193' title='bbox 909 3344 1072 3419; x_wconf 90' lang='lat' dir='ltr'>moribus</span> <span class='ocrx_word' id='word_1_194' title='bbox 1088 3344 1250 3419; x_wconf 88' lang='lat' dir='ltr'>absolvi-</span> 
     </span>
     <span class='ocr_line' id='line_1_29' title="bbox 157 3457 1247 3560; baseline -0.002 -28"><span class='ocrx_word' id='word_1_195' title='bbox 157 3476 231 3550; x_wconf 89' lang='lat' dir='ltr'>tur,</span> <span class='ocrx_word' id='word_1_196' title='bbox 260 3488 343 3560; x_wconf 89' lang='lat' dir='ltr'>pars</span> <span class='ocrx_word' id='word_1_197' title='bbox 371 3459 498 3533; x_wconf 91' lang='lat' dir='ltr'>melica</span> <span class='ocrx_word' id='word_1_198' title='bbox 524 3476 630 3534; x_wconf 85' lang='lat' dir='ltr'>aetate</span> <span class='ocrx_word' id='word_1_199' title='bbox 662 3460 865 3558; x_wconf 90' lang='lat' dir='ltr'>posteriore</span> <span class='ocrx_word' id='word_1_200' title='bbox 897 3457 1077 3530; x_wconf 88' lang='lat' dir='ltr'>attenuari</span> <span class='ocrx_word' id='word_1_201' title='bbox 1108 3459 1247 3557; x_wconf 86' lang='lat' dir='ltr'>potuit,</span> 
     </span>
     <span class='ocr_line' id='line_1_30' title="bbox 156 3569 1249 3671; baseline 0 -27"><span class='ocrx_word' id='word_1_202' title='bbox 156 3571 255 3671; x_wconf 91' lang='lat' dir='ltr'>quod</span> <span class='ocrx_word' id='word_1_203' title='bbox 280 3572 463 3671; x_wconf 78' lang='lat' dir='ltr'>praecipue</span> <span class='ocrx_word' id='word_1_204' title='bbox 488 3572 525 3645; x_wconf 94' lang='lat' dir='ltr'>in</span> <span class='ocrx_word' id='word_1_205' title='bbox 549 3571 746 3646; x_wconf 89' lang='lat' dir='ltr'>Philocteta</span> <span class='ocrx_word' id='word_1_206' title='bbox 766 3569 902 3642; x_wconf 85' lang='lat' dir='ltr'>factum</span> <span class='ocrx_word' id='word_1_207' title='bbox 924 3570 1100 3644; x_wconf 87' lang='lat' dir='ltr'>videmus.</span> <span class='ocrx_word' id='word_1_208' title='bbox 1128 3572 1249 3645; x_wconf 89' lang='lat' dir='ltr'>Etiam</span> 
     </span>
     <span class='ocr_line' id='line_1_31' title="bbox 156 3680 1250 3783; baseline -0.002 -26"><span class='ocrx_word' id='word_1_209' title='bbox 156 3682 382 3758; x_wconf 88' lang='lat' dir='ltr'>canticorum</span> <span class='ocrx_word' id='word_1_210' title='bbox 398 3683 600 3758; x_wconf 90' lang='lat' dir='ltr'>solutorum</span> <span class='ocrx_word' id='word_1_211' title='bbox 613 3685 710 3783; x_wconf 76' lang='lat' dir='ltr'>(quae</span> <span class='ocrx_word' id='word_1_212' title='bbox 720 3680 885 3754; x_wconf 85' lang='lat' dir='ltr'>bisarium</span> <span class='ocrx_word' id='word_1_213' title='bbox 898 3707 918 3754; x_wconf 90' lang='lat' dir='ltr'>a</span> <span class='ocrx_word' id='word_1_214' title='bbox 932 3682 1115 3756; x_wconf 84' lang='lat' dir='ltr'>veteribus</span> <span class='ocrx_word' id='word_1_215' title='bbox 1127 3684 1250 3756; x_wconf 86' lang='lat' dir='ltr'>metri-</span> 
     </span>
    </p>
   </div>
   <div class='ocr_carea' id='block_1_3' title="bbox 196 4079 1248 4354">
    <p class='ocr_par' dir='ltr' id='par_1_3' title="bbox 196 4079 1248 4354">
     <span class='ocr_line' id='line_1_32' title="bbox 199 4079 765 4160; baseline 0.002 -22"><span class='ocrx_word' id='word_1_216' title='bbox 199 4090 208 4116; x_wconf 92' lang='lat'>¹</span> <span class='ocrx_word' id='word_1_217' title='bbox 230 4079 332 4160; x_wconf 82' lang='lat' dir='ltr'>Potin,</span> <span class='ocrx_word' id='word_1_218' title='bbox 352 4080 367 4139; x_wconf 92' lang='grc' dir='ltr'>Ι</span> <span class='ocrx_word' id='word_1_219' title='bbox 379 4123 388 4153; x_wconf 86' lang='grc'><strong>,</strong></span> <span class='ocrx_word' id='word_1_220' title='bbox 402 4080 434 4140; x_wconf 90' lang='grc'>9.</span> <span class='ocrx_word' id='word_1_221' title='bbox 762 4139 765 4146; x_wconf 76' lang='grc'>,</span> 
     </span>
     <span class='ocr_line' id='line_1_33' title="bbox 197 4173 807 4260; baseline -0.01 -24"><span class='ocrx_word' id='word_1_222' title='bbox 197 4185 209 4213; x_wconf 84' lang='grc'><strong><em>’</em></strong></span> <span class='ocrx_word' id='word_1_223' title='bbox 231 4186 334 4258; x_wconf 79' lang='grc' dir='ltr'>Κομμός</span> <span class='ocrx_word' id='word_1_224' title='bbox 343 4221 352 4250; x_wconf 88' lang='grc'><strong>,</strong></span> <span class='ocrx_word' id='word_1_225' title='bbox 369 4176 425 4238; x_wconf 87' lang='lat' dir='ltr'>hoc</span> <span class='ocrx_word' id='word_1_226' title='bbox 441 4188 503 4243; x_wconf 89' lang='lat' dir='ltr'>est:</span> <span class='ocrx_word' id='word_1_227' title='bbox 519 4178 655 4260; x_wconf 84' lang='lat' dir='ltr'>planctus</span> <span class='ocrx_word' id='word_1_228' title='bbox 667 4173 807 4237; x_wconf 81' lang='lat' dir='ltr'>funebris.</span> 
     </span>
     <span class='ocr_line' id='line_1_34' title="bbox 196 4266 1248 4354; baseline -0.003 -21"><span class='ocrx_word' id='word_1_229' title='bbox 196 4273 209 4314; x_wconf 79' lang='lat'>³</span> <span class='ocrx_word' id='word_1_230' title='bbox 231 4274 364 4350; x_wconf 60' lang='lat' dir='ltr'>bristou,</span> <span class='ocrx_word' id='word_1_231' title='bbox 381 4271 470 4347; x_wconf 73' lang='lat' dir='ltr'>Poet,</span> <span class='ocrx_word' id='word_1_232' title='bbox 484 4295 511 4334; x_wconf 89' lang='lat' dir='ltr'>e.</span> <span class='ocrx_word' id='word_1_233' title='bbox 532 4295 630 4351; x_wconf 85' lang='lat' dir='ltr'>xvtrr,</span> <span class='ocrx_word' id='word_1_234' title='bbox 645 4273 708 4332; x_wconf 89' lang='lat' dir='ltr'>loco</span> <span class='ocrx_word' id='word_1_235' title='bbox 724 4269 869 4334; x_wconf 86' lang='lat' dir='ltr'>celebrato</span> <span class='ocrx_word' id='word_1_236' title='bbox 877 4311 888 4342; x_wconf 91' lang='lat'>,</span> <span class='ocrx_word' id='word_1_237' title='bbox 903 4292 966 4354; x_wconf 30' lang='lat' dir='ltr'>quo·</span> <span class='ocrx_word' id='word_1_238' title='bbox 973 4266 1143 4350; x_wconf 85' lang='lat' dir='ltr'>Euripidem</span> <span class='ocrx_word' id='word_1_239' title='bbox 1156 4283 1248 4332; x_wconf 86' lang='lat' dir='ltr'>notat.</span> 
     </span>
    </p>
   </div>
   <div class='ocr_carea' id='block_1_4' title="bbox 0 0 1500 4804">
    <p class='ocr_par' dir='ltr' id='par_1_4' title="bbox 0 0 1500 4804">
     <span class='ocr_line' id='line_1_35' title="bbox 0 0 1500 4804; baseline 0 1"><span class='ocrx_word' id='word_1_240' title='bbox 0 0 1500 4804; x_wconf 95' lang='lat' dir='ltr'> </span> 
     </span>
    </p>
   </div>
  </div>
 </body>
</html>
