2990 4804
600 325 797 395 ..15....

155 463 244 556 Qun
253 457 431 550 subinde,
445 459 597 558 antiquo
610 481 728 546 more,
742 458 983 534 abundantius
997 459 1089 532 dixit
1099 459 1247 559 AEschy-

156 576 210 648 los
224 576 324 650 velut
341 573 403 646 ille
420 599 429 645 a
445 581 510 653 ἥκω
528 578 579 646 eal
598 579 809 673 κατέρχομαι,
821 580 953 658 σκοποὺς
966 580 1018 649 aad
1034 588 1245 673 κατοπτῆρας,

155 687 294 786 Sepho
274 683 451 760 ο.ΤΙ)θΙ).
472 711 505 756 v
534 685 601 769 363
620 694 663 768 sle
679 690 749 768 τους
767 691 864 782 ἔνερθε
887 694 939 758 καὶ
959 691 1041 759 κατὰ
1063 693 1171 783 χθονὸς
1190 694 1249 759 τό

154 831 246 891 πους,
265 799 423 872 Eumen,
442 822 479 871 a.
498 796 607 883 1009,
621 794 667 868 ab
685 793 1057 893 Aristophanefflau.
1077 824 1114 869 v
1130 799 1250 874 1165-

157 910 267 1009 4168)
288 909 599 1010 perstringuntur.
621 906 782 982 Omnino
798 907 1021 1006 elegantibus
1039 910 1269 984 recentioris

155 1049 225 1098 serr
215 1018 525 1096 Atheniensibus
543 1019 710 1119 turgidus
731 1019 951 1095 declamator
969 1019 1161 1095 videbatur
1177 1047 1251 1096 esse

156 1150 198 1210 ut
214 1131 474 1233 Aristophanes
493 1132 547 1227 (N
550 1130 613 1207 ub.
632 1160 669 1207 v.
693 1133 806 1232 1370)
820 1149 949 1208 auctor
966 1149 1042 1207 est:
1061 1138 1248 1230 ἀξύστατος,

156 1256 255 1348 ψόφου
279 1253 397 1339 πλέως,
430 1249 586 1346 στόμφαξ,
610 1253 823 1345 κρημνοποιός.
853 1245 1015 1343 AEquum
1041 1261 1094 1318 est
1123 1247 1250 1318 Dionis

158 1357 403 1458 chrysostomi
416 1357 498 1454 (01⁴.
512 1357 589 1444 ΙΙΙ,
603 1383 639 1454 p.
653 1357 742 1455 267)
751 1354 928 1455 judicium
940 1385 948 1428 a
960 1366 1022 1438 llas
1031 1369 1084 1430 τοῦ
1095 1363 1250 1454 Αἰσχύλου

158 1474 404 1572 μεγαλοφροσύνη
422 1478 475 1546 καὶ
492 1476 527 1544 τὸ
544 1478 689 1568 ἀρχαῖον,
708 1479 752 1544 ἔτι
774 1471 808 1544 dl
824 1476 876 1545 καὶ
894 1478 928 1544 τὸ
951 1473 1085 1555 αὔθαδες
1100 1485 1155 1554 τῆς
1172 1473 1250 1546 dra·-

158 1596 239 1670 νοίας
264 1592 317 1658 καὶ
344 1591 502 1682 φράσεως,
522 1580 656 1655 collato
672 1579 845 1680 Dionysio
861 1591 928 1682 περὶ
958 1585 1128 1667 δεινότητος
1152 1601 1252 1678 onpo-

158 1704 279 1780 σθένους
296 1720 375 1792 cap.
393 1717 509 1768 xxxrx
525 1708 563 1765 et
582 1691 627 1768 de
644 1693 815 1793 Compos.
835 1692 951 1769 Verb.
970 1719 1049 1793 cap.
1070 1719 1167 1784 xxu,
1187 1691 1250 1766 ubi

138 1805 255 1890 inter
279 1818 431 1878 austerae
457 1802 626 1880 diationis
649 1820 815 1882 auctores
835 1805 1004 1880 retertur.
1030 1805 1150 1900 Quare
1169 1807 1253 1908 jure
1363 1838 1371 1864 s

158 1915 248 1990 mihi
264 1915 486 2017 camelique
503 1917 612 1992 lctini
629 1917 788 2017 templo,
802 1916 1010 2018 ingentibus
1023 1919 1251 2008 marmoreis,

158 2029 342 2129 quadratis
354 2056 396 2102 ac
413 2029 576 2128 levigatis
585 2082 598 2119 ,
616 2026 799 2131 lapidibus
814 2045 1000 2108 exstructo
1017 2029 1112 2106 hanc
1127 2029 1254 2132 poesin

159 2163 371 2240 comperero
385 2140 569 2216 videntur.
587 2193 589 2198 ·

207 2255 250 2328 ln
266 2253 553 2353 Sophoclearuur
576 2255 781 2332 fabularum
802 2254 966 2352 partibus
980 2255 1122 2357 melleis
1139 2254 1253 2328 multe

159 2363 356 2464 AEschyleae
379 2365 584 2440 acerbitatis
600 2393 642 2443 ac
660 2366 989 2466 grandiloquentiae
1014 2367 1162 2465 vestigia
1191 2392 1254 2440 re-

160 2493 329 2564 manent,
353 2477 415 2552 sed
441 2479 478 2554 in
505 2478 677 2556 diverbiis
702 2494 898 2578 cognatum
925 2477 1073 2581 aliquod
1097 2476 1254 2578 pedestri

160 2590 317 2668 orationi
331 2587 475 2666 dicendi
493 2615 605 2690 genus
623 2583 922 2691 deprehelrditur.
941 2591 1024 2668 Non
1044 2617 1137 2666 nova
1152 2617 1255 2670 voce·

160 2700 245 2776 bula
277 2701 467 2801 procudit,
497 2703 559 2778 sed
585 2703 796 2803 vulgaribus
821 2730 914 2780 trove
943 2720 980 2806 et
1008 2703 1255 2803 significanter

160 2816 290 2906 utitur,
310 2815 531 2913 penitiorem
555 2815 749 2915 quemdam
773 2841 902 2894 eorum
927 2831 964 2888 et·
993 2815 1255 2912 primigenium

160 2951 303 3016 sensum
318 2949 450 3003 eruens
462 2943 488 3001 ¹.
506 2928 758 3028 Praegnanter,
778 2942 820 3000 ut
837 2925 987 3015 dicunt,
1006 2925 1170 3024 loquitur
1184 2925 1255 3002 So-

159 3037 326 3137 phocles,
350 3053 391 3112 ut
407 3039 518 3114 verba
536 3042 611 3141 ejus
632 3040 712 3138 plus
727 3037 885 3115 habeant
904 3039 940 3112 in
963 3061 1123 3126 recessu,
1144 3065 1253 3140 quam

161 3151 198 3222 in
225 3149 348 3224 fronte
378 3153 611 3250 promittunt.
643 3151 749 3248 Quod
778 3170 922 3256 gratum
947 3167 1044 3224 certe
1071 3151 1154 3224 lecit
1182 3181 1255 3230 suae

161 3262 275 3336 aetatis
289 3261 591 3354 Atheniensibus,
608 3265 670 3366 qui
684 3292 799 3366 quum
811 3267 887 3365 jam
904 3277 1078 3361 quantam
1094 3263 1168 3334 vim
1185 3262 1254 3336 he-

160 3371 244 3448 beat
264 3391 430 3462 accerata
448 3392 485 3448 et
507 3379 598 3452 sacta
623 3375 893 3478 quodammodo
912 3374 1050 3460 oratio,
1080 3373 1256 3474 iutellige-

162 3503 265 3577 rent,
284 3487 550 3561 difficilioribus
569 3506 604 3562 et
621 3488 853 3563 subobscuris
870 3484 1198 3587 gaudebant„trita
1221 3503 1257 3562 et

162 3599 324 3697 vulgaria
341 3599 579 3696 respuebant,
601 3595 687 3672 tunc
702 3599 848 3672 demum
865 3598 922 3670 vel
941 3613 1083 3697 poetam
1098 3601 1156 3674 vel
1174 3625 1256 3674 ora-

162 3725 280 3783 torem
300 3709 527 3810 probabant,
543 3711 690 3812 quando
703 3725 826 3782 mente
842 3733 1092 3809 praecurrere,
1108 3727 1144 3784 et
1155 3737 1255 3786 sensa

162 3824 237 3922 ejus
249 3845 443 3921 occupare,
458 3823 517 3896 vel
534 3824 643 3895 etiam
655 3821 820 3896 divinare
833 3821 970 3924 aliquid
987 3845 1149 3922 pereum
1164 3823 1256 3896 lice-

163 3932 262 4007 bat³.
283 3935 341 4008 Sic
365 3935 486 4025 enim,
507 3936 581 4009 sive
603 3957 770 4035 poeseos,
799 3935 874 4009 sive
898 3933 1074 4010 orationis
1091 3936 1256 4011 acumine

206 4205 353 4282 ιΜίἱΙΙεεν,
369 4207 401 4266 II
413 4249 423 4280 ,
437 4229 467 4288 p.
487 4208 559 4288 139,
573 4206 643 4270 140.

204 4310 216 4338 ²
231 4301 435 4385 Thucydides,
452 4303 519 4379 111,
533 4327 559 4366 c.
573 4323 688 4379 xxxam
705 4302 744 4367 cl.
760 4302 920 4368 Multam
935 4299 1001 4364 luco
1012 4303 1110 4364 citato.
