2990 4804
346 215 375 256 Q
899 178 901 183 .

437 297 450 333 t
511 283 513 288 ’
644 305 694 346 -τ-
721 264 769 336 69
792 305 842 322 ⁵·-

204 419 303 478 otum
330 425 403 486 esse
427 415 631 491 autumem,
646 401 811 486 ,maxime
835 425 986 478 moveor
1012 399 1290 482 celebratissimo

202 513 268 590 illo
285 503 564 590 Atheniensium·
574 509 710 612 judicio
719 567 730 603 ,
749 538 823 612 quo
836 511 1030 611 Sophocles
1046 537 1157 613 quum
1172 512 1291 588 OEdi-

204 651 290 724 pum
312 625 447 724 Regem
471 641 651 726 egerens
676 623 836 702 Philocle
859 626 1057 704 certamine
1082 625 1209 704 vinus.
1223 627 1288 703 est.

201 736 407 814 Potuerunt
422 739 520 814 enim
534 738 738 837 aegrescere
756 735 920 838 homines
935 739 1054 816 omnis
1068 738 1292 838 antiquitatis

199 849 448 926 humanissimi
463 877 504 928 ae
521 850 818 940 mansuetissimi,
840 849 1070 962 quodeiuem
1088 852 1289 949 optimum,
1400 887 1405 896 ·

202 964 411 1062 optimeque
430 961 475 1038 de
494 963 638 1038 civitate
655 963 847 1067 meritum,
865 989 958 1040 caeca
975 961 1129 1062 quodam
1146 977 1183 1036 et
1198 989 1291 1041 saeve

201 1074 312 1150 lati
279 1097 313 1146 ιι
333 1073 588 1160 crudelissimis
600 1092 637 1150 et
650 1061 939 1156 immeritissimis
957 1074 1093 1205 cesihqs
1113 1075 1291 1203 implicari

203 1186 328 1264 lecerit
350 1203 469 1286 poeta
490 1189 586 1266 Tum
606 1187 684 1278 hio,
703 1213 776 1274 suae
799 1186 866 1264 sibi
885 1189 1001 1286 culpae
1021 1171 1207 1278 conscius,
1224 1215 1290 1268 ex·

203 1299 361 1425 templo,
388 1327 427 1372 ιιι
417 1298 570 1391 'sallon
583 1325 803 1398 supremum
822 1298 958 1398 OEdipi
979 1299 1086 1378 diem
1099 1321 1141 1375 oo
1165 1301 1290 1380 novin

201 1411 288 1486 sima
306 1411 375 1486 lota
389 1436 572 1508 exponere
589 1413 730 1502 statuit,
751 1437 826 1510 quo
840 1437 915 1487 non
934 1436 1075 1510 semper
1091 1437 1148 1488 res
1163 1412 1290 1492 adver*

200 1547 254 1598 sos
276 1522 379 1599 molis
401 1524 620 1602 facinoribus
641 1524 731 1604 effici
753 1523 947 1623 probaret,
974 1525 1085 1602 immo
1109 1549 1182 1605 esse
1206 1523 1289 1605 vine
1358 1617 1365 1628 ,

201 1635 416 1712 innocenter
435 1635 655 1736 honesteque
677 1651 852 1733 peroctee,
877 1635 1016 1732 expiata
1037 1660 1155 1726 noxa,
1182 1636 1306 1714 etiam-

200 1761 281 1844 post
302 1763 460 1823 mortem
481 1749 629 1846 proemia
649 1775 689 1826 ac
709 1747 1003 1826 vindicationem.
1029 1747 1118 1844 Quee
1135 1763 1177 1824 ut
1193 1765 1291 1829 recte

199 1859 363 1958 conjeees
367 1860 483 1950 imus,
481 1860 655 1936 nolumus
669 1875 789 1951 temen
800 1858 845 1938 de
856 1859 973 1962 ulique
983 1858 1184 1940 fabularum
1195 1860 1291 1942 inter

201 1995 237 2046 se
254 1970 459 2050 vinetorum
475 1972 619 2071 trilogia
634 1971 785 2072 eogitari
797 1996 917 2076 posse

249 2081 707 2184 DeAjnceitajudicomus,
721 2099 780 2173 ut,
795 2081 1289 2182 quoddePhiloctetaeuspi

94 2191 99 2200 ’
198 2193 347 2272 orbatur
363 2197 615 2284 Hermonnus,
641 2195 734 2276 hone
756 2194 915 2284 lobulam
940 2221 1015 2276 uon
1042 2220 1116 2274 uno
1141 2178 1376 2290 ιιιιιοι“σ,”ε

198 2305 258 2382 sed
272 2332 338 2406 per
347 2305 538 2385 intervalla
550 2335 569 2386 a
581 2306 1012 2406 Sophocleeonsoriptem
1026 2333 1105 2385 esse
1108 2324 1287 2414 putemus

198 2419 318 2496 Primo
338 2421 413 2520 ejus
435 2445 539 2518 pers,
561 2445 643 2520 quoe
665 2418 786 2498 herois
809 2435 929 2506 morte
955 2419 1185 2526 terminatur,
1212 2420 1291 2498 fre·

199 2531 440 2630 quentissimis
451 2529 694 2659 metaphoris,
708 2529 917 2634 multisque,
931 2557 1013 2632 quoe
1026 2529 1194 2616 audacter
1207 2546 1292 2608 sunt

197 2668 239 2720 ae
251 2668 344 2721 noue
356 2642 465 2734 diota,
479 2641 547 2718 od
538 2644 639 2724 mitio
651 2642 737 2722 belli
752 2643 1044 2742 Peloponnesiaci
1059 2643 1202 2724 videtur
1218 2669 1291 2724 esse

199 2755 397 2834 reserenda.
427 2755 496 2830 Sed
523 2756 636 2834 ultera
657 2756 747 2855 quin
765 2754 1118 2846 vehementissimis
1110 2783 1146 2836 ιιι
1171 2762 1291 2836 Mene·

197 2865 295 2944 laum
318 2882 355 2942 et
380 2865 689 2966 Agamemnonem
718 2867 914 2958 conviciis,
938 2883 975 2946 et
1000 2867 1190 2968 colloquiis
1215 2867 1290 2949 dis-

70 3069 75 3080 ·
197 2978 443 3077 ceptutionum
455 2977 655 3057 sorensium
675 2979 828 3076 speeiem
847 2977 1100 3061 exhibentibus
1117 2980 1290 3062 seriorem
1315 3052 1319 3059 .

197 3105 340 3167 oetatem
359 3105 504 3182 arguat,
523 3091 584 3161 vix
602 3105 721 3189 potest
737 3088 906 3164 dubitari.
926 3091 1017 3181 Nam
1035 3107 1072 3165 et
1089 3118 1210 3187 versus
1226 3094 1289 3169 in«.-

197 3199 340 3280 terdum
351 3202 470 3280 minus
483 3217 648 3283 accurate
660 3199 794 3283 conditi
809 3218 904 3294 sunt,
921 3202 1018 3283 uelut
1028 3203 1087 3280 hie
1096 3206 1147 3300 (ι.
1159 3209 1172 3278 t
1182 3205 1285 3301 099);

359 3369 451 3448 ἕξεσι
465 3381 602 3454 ἀνάσσειν,
617 3384 652 3437 ὧν
665 3379 707 3440 ὅδ’
729 3381 812 3459 ἡγεῖτ’
831 3366 946 3436 elmete,
950 3421 959 3454 ²
1042 3401 1050 3421 ·.

195 3569 231 3634 et
257 3553 457 3633 leontiones
490 3498 657 3654 quedam
696 3555 944 3632 inveniuntur
964 3580 1038 3636 non
1077 3569 1150 3636 tem
1189 3556 1288 3636 anti

194 3665 399 3766 quietibus,
418 3695 527 3768 quam
547 3664 810 3744 recentioribus
836 3683 1040 3764 usurpatos,
1065 3683 1107 3748 ut
1123 3676 1200 3748 ὅλων
1214 3693 1283 3766 pre

194 3789 313 3857 πάντων
325 3796 499 3878 sumptum
520 3793 655 3867 exstet,
675 3805 711 3856 v.
735 3781 843 3858 1103.
864 3781 959 3856 Tum
972 3779 1066 3858 hene
1084 3778 1175 3858 vidit
1190 3780 1289 3858 Mul-

194 3887 308 3980 lerus,
330 3891 486 3982 ¹Teumi,
521 3890 823 3990 Agamemnonis,
859 3891 1013 3970 Menelai
1042 3891 1220 3992 colloquia
1251 3908 1288 3973 et

237 4208 438 4290 ‘Hermeuu.,
454 4213 500 4284 ut
514 4214 606 4286 doctr.
622 4227 722 4294 netu,
736 4237 767 4300 p.
782 4216 853 4284 115.
