2990 4804
635 309 683 324 -
708 271 755 342 33
781 313 830 330 .-

185 400 225 466 tv
245 405 337 494 Θιγεῖν
360 400 468 493 ἐμοῦ).
499 405 574 474 Οὐδ’
593 403 644 478 οὖν
661 412 742 480 έοίσω
763 409 826 506 (sc.
851 422 875 484 εί
898 418 999 502 αὐτὸς·
1011 419 1275 528 βούλοιοιιίτρεῖν).

184 503 375 608 ‚Similiter2
393 508 443 582 ib.
461 516 613 589 ν.’1189
630 546 639 587 :

183 755 193 794 ι
214 764 216 773 y
346 695 454 782 ἔφυσας
466 710 564 767 αὐτόν·
581 715 649 770 ὥστε
661 681 726 792 μηδέ
741 715 845 797 δρῶντά
862 744 891 778 σι

349 807 384 859 τὰ
398 815 449 860 τῶν
461 815 593 898 κακίστων
606 809 810 886 δυσσεέίσταθ,
825 816 961 900 ὦπάτερ,

350 905 421 978 θέρος
433 909 462 959 σέ
474 907 500 981 γ’
517 905 583 964 εἶναι
597 918 679 966 κεῖνον
691 911 819 992 ἀντιδρᾷν
833 927 936 987 κακῶς,
979 923 986 938 ’
1090 926 1094 936 ”

347 997 403 1052 ἀλλ’
421 1003 501 1057 αὑτόν
511 1004 521 1076 (
527 1023 581 1080 pro
594 1013 705 1077 σαυτόν,
720 1029 760 1066 sc.
779 1007 863 1090 δρῴης
876 1013 908 1068 ἂν
922 1019 1022 1089 κακοί),

633 1161 637 1170 .
887 1148 898 1180 η
921 1133 934 1152 ’“
1254 1173 1262 1190 ,

178 1177 250 1262 ribi
265 1195 335 1290 ipsi
352 1197 494 1270 malum
511 1198 656 1300 inseres,
673 1207 701 1276 si
720 1204 827 1280 lectio
840 1206 944 1306 hujus
961 1210 1033 1284 loci
1047 1201 1197 1290 sincera.
1212 1230 1222 1260 t

232 1304 417 1380 Interdum
450 1335 494 1382 ex
520 1337 607 1386 voce
637 1316 695 1388 vel
727 1343 922 1417 praegressa
954 1323 1012 1394 vel
1038 1322 1275 1427 subsequente

182 1415 337 1489 eruenda
361 1434 415 1490 est
440 1421 508 1494 alia
534 1449 604 1514 vox
627 1450 671 1498 ex
693 1427 816 1506 eadem
837 1433 949 1531 stirpe
975 1438 1189 1540 repetenda,
1214 1441 1275 1514 sed

180 1530 316 1623 poterit
340 1555 413 1603 esse
431 1559 521 1631 pars
539 1537 713 1610 orationis
735 1539 974 1632 diversa‘‚‘El.
999 1572 1034 1617 v.
1056 1555 1173 1623 4075:
1193 1540 1273 1626 nn'-
1330 1605 1333 1610 ⁴

121 1652 133 1668 “
181 1671 256 1740 κτρα
272 1651 323 1715 τὸν
349 1653 395 1716 ἀεί
417 1654 530 1746 πατρός
548 1647 614 1744 (sc.
642 1659 757 1726 στόνον.
776 1654 1006 1762 Ηθετεεαρεεταε
1023 1659 1103 1732 vult
1122 1689 1130 1730 :
1150 1664 1273 1761 χρόνον)

179 1763 386 1851 στενάχουσα.
406 1754 503 1830 OEd'.
524 1757 602 1852 Col.
619 1787 656 1832 v.
674 1767 764 1838 552:
781 1777 844 1862 ἔχει
857 1771 893 1842 δέ
905 1803 956 1865 μοι
970 1778 1043 1870 πρὸς
1057 1775 1147 1857 δίκας
1164 1806 1192 1847 τι
1205 1775 1270 1872 (sc.

180 1865 370 1965 δικαίωμα.)

174 2005 182 2044 ι
229 1975 418 2052 Omittitur
430 1979 694 2058 substantivum
707 1995 807 2088 πληγή
826 2005 906 2088 post
920 1991 1029 2066 verba
1046 1994 1196 2070 feriendi
1216 1997 1273 2070 vel

178 2090 380 2190 pungendi,
411 2093 537 2195 Antig.
555 2123 591 2170 v.
612 2103 725 2176 4292:
744 2112 774 2176 τί
796 2109 829 2199 μ’
848 2111 901 2176 οὐκ
924 2115 1051 2180 ἀνταίαν
1068 2117 1190 2183 ἔπαισέν
1206 2142 1269 2200 τις,

179 2199 237 2272 ΕΙ.
257 2229 293 2275 v.
316 2209 432 2281 ltot:
458 2226 588 2304 παῖσον,
605 2223 629 2284 εί
653 2221 785 2306 σθένεις,
812 2218 932 2296 διπλῆν.
956 2216 1025 2290 Sed
1042 2213 1269 2304 audacissima
1318 2300 1321 2305 ,

127 2337 139 2360 ·
178 2312 312 2413 ellipsis
327 2317 429 2390 verbi
449 2337 588 2416 σκοπεῖν,
607 2321 667 2392 ΕΙ.
687 2349 722 2393 v.
745 2328 862 2430 l295:
884 2328 1022 2425 (σκόπει)
1035 2333 1129 2415 οὕτως
1147 2334 1177 2404 d'
1192 2339 1272 2418 ὅπως

176 2435 274 2530 μήτηρ
289 2459 322 2502 σε
336 2439 378 2527 μὴ
394 2437 587 2532 ’πιρνώσεται
600 2438 719 2536 φαιδρῷ
731 2445 896 2538 προσώπῳ,
915 2465 984 2538 qua
999 2442 1093 2515 ratio
1106 2441 1271 2522 redditur
1369 2551 1373 2562 Ι

178 2544 458 2616 constructionis
476 2544 720 2620 insolentioris
740 2552 787 2622 δεῖ
804 2555 834 2622 σ’
849 2556 928 2636 ὅπως
952 2587 994 2620 =
1010 2557 1058 2628 dai
1081 2588 1114 2630 σε
1132 2575 1266 2652 σκοπεῖν,

117 2705 121 2714 ·
169 2658 275 2750 ὅπως,
292 2683 361 2757 qna
378 2656 434 2730 bis
447 2673 549 2733 terve
563 2687 645 2734 usus
662 2677 714 2734 est
727 2660 935 2760 Sophocles.

224 2768 459 2870 Brachylogia
472 2774 634 2846 cernitur
648 2773 684 2844 in
699 2775 921 2870 pronomine
935 2775 1196 2876 interrogativo
1206 2792 1265 2876 τίς,

175 2880 368 2978 saepissime
401 2884 488 2956 duas
519 2884 733 2977 sententias,
767 2883 821 2957 vel
855 2886 962 2958 etiam
993 2885 1079 2960 duas
1105 2890 1269 2966 interro-

175 2992 337 3090 gationes
369 2995 407 3068 in
439 3023 550 3069 unam
579 2995 815 3071 contrahente
846 2996 952 3095 (vide
978 3003 1138 3102 exempla
1173 3006 1267 3105 apud

174 3102 339 3177 Ellendt.
352 3107 403 3195 ΙΙ,
416 3137 454 3208 p.
475 3110 567 3209 824)
582 3110 669 3183 etin
687 3107 830 3183 dicendi
849 3136 997 3212 genere,
1022 3117 1120 3214 quod
1137 3121 1267 3194 eonsu-

175 3241 254 3288 sum
270 3220 452 3318 appellare
464 3221 599 3320 placuit
612 3222 700 3296 viris
711 3221 836 3297 doctis.
857 3222 927 3299 Sed
938 3223 1006 3297 hoc
1024 3253 1136 3326 quum
1154 3232 1266 3328 magis

175 3326 220 3400 ad
246 3333 501 3406 attractionem
527 3334 712 3432 pertinere
728 3333 906 3424 videatur,
927 3338 1073 3435 quando
1103 3338 1148 3412 ad
1173 3338 1266 3415 hanc

175 3459 324 3516 ventum
342 3444 426 3536 erit,
446 3446 675 3520 tractabitur.

223 3555 470 3657 Brachylogiae
487 3561 620 3657 species
639 3558 806 3660 quaedam
825 3559 1009 3636 notissima
1027 3589 1174 3665 zeugma
1191 3581 1263 3658 est,

175 3669 273 3767 cnjus
302 3671 466 3770 exempla
499 3669 605 3744 habes
632 3670 726 3769 apud
748 3667 964 3768 Sophoclem
992 3672 1098 3749 haec:
1129 3679 1261 3751 Trach.

174 3806 210 3851 v.
225 3783 315 3856 352:
329 3792 370 3868 ὡς
381 3801 435 3868 τῆς
445 3792 535 3884 κόρης
547 3790 659 3868 ταύτης
671 3790 756 3858 ἕκατι
769 3799 865 3868 κεῖνος
877 3795 1008 3886 Εὔρυτόν
1022 3795 1049 3860 θ’
1062 3793 1136 3862 έλοι
1144 3845 1154 3884 ,
1169 3801 1221 3870 τήν
1236 3797 1263 3864 θ’

173 3897 340 3996 ὑψίπυργον
359 3904 511 3994 Οἰχαλίαν
525 3897 589 3992 (sc.
612 3899 776 3997 πέρσειον).
799 3896 931 3970 Trach.
957 3924 994 3970 v.
1013 3904 1110 3976 237:
1132 3910 1263 4000 ὁρίζεται

173 4007 295 4103 βωμοὺς
315 4016 403 4088 τέλη
418 4016 447 4080 τ’
467 4019 606 4111 ἔγκαρπα
630 4019 752 4104 Κηναίῳ
775 4016 836 4082 Διί.
852 4008 912 4082 El.
938 4035 971 4082 v.
994 3996 1087 4085 liii:
1110 4022 1187 4086 Οὔτε
1202 4025 1263 4116 γὰρ

172 4133 244 4202 παῖς
260 4105 510 4220 Ᾰγαμεμνονίδας
525 4127 734 4221 ἀπερίτροπος,
753 4128 817 4194 οὔθ’
832 4129 847 4194 ὁ
864 4129 949 4223 παρὰ
962 4130 1012 4196 τὸν
1029 4111 1184 4223 Ᾰχέροντα
1199 4135 1264 4212 θεὸς

174 4237 316 4306 ἀνάσσων
336 4231 403 4333 (sc.
424 4231 573 4330 λήσμων).
593 4231 653 4308 ΕΙ.
673 4259 710 4308 v-
729 4234 823 4309 427:
849 4221 921 4314 dil'
939 4241 958 4313 ἢ
978 4251 1117 4310 πνοαῖσιν
1139 4238 1222 4336 (δὸς)
1243 4244 1263 4317 a

1105 4349 1126 4410 3
