2990 4804
644 301 842 372 ...39-

200 433 250 507 σῑι
267 431 355 505 mihi
377 435 564 533 agnovisse
583 433 723 527 videor,
743 463 780 508 v.
801 439 895 514 366:
916 445 957 522 ὡς
980 439 1077 510 ειίσδι
1092 444 1214 534 πέμπων
1236 447 1290 516 οὐκ

198 555 417 648 ἀφροντίστως,
445 552 555 648 γύναι,
586 547 652 622 οὐδ’
673 555 751 624 ὥστε
769 551 887 630 ιλούλην
911 573 980 646 pro
1008 555 1063 624 σιἰιι
1088 559 1290 651 ἀφροντίστως

196 663 261 754 (ec.
282 659 390 754 αὐτὴν)
403 667 527 757 πέμπων
544 670 585 746 ὡς
600 665 713 756 τάσδε,
727 662 792 736 οὐδ’
813 670 890 737 ὥστε
906 665 1028 742 δούλην.
1049 657 1101 733 lb.
1118 684 1150 736 r.
1169 669 1287 738 t225÷

195 779 230 844 τὸ
251 777 305 867 μὲν
329 783 463 846 νοσοῦντι
482 781 650 869 θυμοῦσθαι
668 783 763 848 κοιιιόν
787 799 855 874 pro
876 783 910 848 τὸ
933 779 987 870 μὲν
1007 781 1175 870 θυμοῦσθαι
1195 786 1291 852 κακὸν

195 897 350 974 νοσοῦντι,
366 883 554 984 dequibus
568 886 738 960 lectorem
752 885 973 962 benevolum
986 888 1128 960 notulas
1141 914 1238 964 meas
1250 907 1291 964 ut

197 995 299 1070 odeat
315 1017 463 1095 precor.

246 1107 312 1182 Sed
332 1110 633 1184 violentissimum
650 1127 702 1185 est
719 1111 826 1214 idque
843 1111 946 1186 valde
965 1111 1133 1213 frequens
1153 1113 1290 1213 hyper·

195 1219 322 1310 baton,
337 1224 435 1322 quod
447 1225 747 1298 annominatione
759 1223 963 1314 adducitur,
980 1226 1137 1298 maxime
1149 1227 1184 1298 itt
1197 1249 1289 1324 pro-

197 1334 344 1407 nomine
362 1342 472 1425 αὐτός,
500 1334 597 1406 OEd.
617 1335 696 1408 Col.
713 1358 749 1408 v.
775 1339 871 1412 920:
892 1344 933 1409 Σὺ
954 1335 982 1410 δ’
1003 1341 1091 1422 ἀξίαν
1115 1345 1170 1411 οὐκ
1195 1337 1290 1413 οὖσαν

196 1453 443 1545 αἰσχύνειςπόλιν
460 1457 524 1528 τὴν
537 1451 648 1534 αὐτὸς
663 1453 797 1544 αὑτοῦ,
812 1463 881 1522 etc.
897 1447 952 1520 lb.
973 1469 1009 1522 v.
1029 1451 1143 1522 ⁴346:
1159 1458 1210 1524 τὸν
1227 1457 1290 1524 ab·

194 1568 254 1644 τὸς
268 1565 375 1635 αὑτοῦ
387 1561 594 1663 πατέρατόνά’
608 1570 784 1655 ἀπήλασας,
798 1561 858 1635 sed
869 1563 977 1636 etiam
990 1563 1026 1634 in
1036 1561 1114 1634 aliia
1125 1559 1287 1652 vocibus,

195 1669 289 1744 OEd.
309 1672 355 1744 R.
371 1699 407 1746 ι.
427 1679 497 1749 175
516 1702 525 1744 :
541 1681 632 1748 ἄλλον
644 1673 674 1746 δ’
690 1680 727 1747 ἂν
744 1682 826 1771 ἄλλῳ
842 1678 999 1776 προσίδοις
1016 1699 1085 1773 pro
1103 1681 1194 1748 ἄλλον
1216 1684 1290 1774 πρὸς

195 1789 277 1882 ἄλλῳ
299 1787 389 1870 ἴδοις.
420 1783 494 1885 Aj.‚
520 1809 556 1858 v·
582 1788 831 1870 1175ειιαιιὸς
855 1802 979 1870 κακῶς
1005 1796 1140 1871 ἀθοιπτος
1167 1791 1288 1862 ίκπίσοι

196 1906 316 1994 χθονός,
335 1923 376 1970 ac
394 1899 541 1971 sortasse
562 1899 598 1969 in
622 1898 840 1995 pronomine
856 1909 929 1985 πᾶν,
951 1897 1011 1969 ΕΙ.
1033 1926 1065 1970 ν.
1083 1898 1198 1973 1009ο
1219 1897 1286 1972 ἀλλ’

195 2018 341 2103 ἀντιάζω,
354 2019 422 2112 πρίν
434 2018 656 2111 πανωλέθρους
666 2017 700 2084 τί
716 2026 790 2084 πᾶν
808 2019 888 2108 ἡμᾶς
902 2010 1060 2086 τ’ὀλέσθσι
1073 2015 1287 2113 κάξερημῶσαι

194 2127 309 2221 γένος.

243 2234 290 2306 At
303 2235 589 2334 frequentissima
601 2251 696 2308 certe
706 2235 999 2332 esttranspositio
1012 2235 1285 2333 particularum.

194 2345 496 2446 Praepositionum
517 2345 664 2444 quidem
694 2347 730 2418 in
756 2346 1042 2445 interrogatione
1066 2345 1287 2444 postpositu-

194 2485 290 2549 rum,
307 2461 344 2532 ni
361 2458 483 2547 lallor,
503 2456 575 2530 duo
591 2457 845 2532 tantummodo
859 2473 1002 2530 exstant
1015 2457 1177 2555 exempla
1193 2455 1288 2556 apud

193 2570 429 2668 Sophoclem,
458 2570 590 2643 Tracb.
619 2599 654 2644 ν.
674 2573 746 2646 716
767 2603 775 2644 ι
797 2586 850 2646 τοῦ
871 2578 944 2674 παρ’
968 2579 1131 2672 ἀνθρώπων
1155 2579 1285 2669 μαθών,

193 2680 287 2756 ΟΕιλ.
305 2683 351 2756 R.
370 2708 406 2756 v.
427 2685 521 2759 525:
540 2693 678 2784 τοῦπρὸς
694 2688 725 2758 δ’
742 2691 863 2784 ε’φάνθη.
882 2685 940 2758 Sic
956 2696 1015 2760 ποῦ
1032 2685 1069 2756 in
1085 2685 1287 2782 interroga·

194 2796 291 2869 tione
310 2797 556 2895 postponitur,
581 2795 658 2885 Et„
680 2823 715 2866 v.
740 2798 832 2869 1125
850 2824 858 2866 :
873 2807 1009 2895 εἰσορᾶτε
1026 2803 1084 2867 ποῦ
1099 2802 1151 2867 τὸν
1166 2798 1285 2895 ἄνδρας

193 2907 242 2979 Aa
261 2907 430 2982 notabilis
445 2908 631 3007 particulae
654 2914 697 2981 ίιι
716 2905 853 3004 positus
878 2931 960 2978 cum
983 2904 1175 3004 negatione
1195 2928 1289 2980 con-

190 3021 324 3119 junctae
355 3021 449 3120 apud
479 3018 696 3116 Sophoclem
728 3015 955 3116 hyperbaton
989 3017 1159 3109 efficiens,
1190 3017 1285 3092 Phil.

193 3157 230 3203 v.
260 3133 353 3206 t205
371 3160 379 3204 ι
400 3131 441 3206 ἔτ’
470 3135 556 3206 οὐδέν
583 3141 656 3228 εἰμι.
686 3128 814 3203 Trach.
841 3157 878 3202 v.
908 3131 970 3204 161
992 3159 1001 3200 :
1031 3139 1072 3215 ὡς
1096 3133 1137 3204 ἔτ’
1160 3139 1214 3206 οὐκ
1231 3145 1284 3206 ὥν.

192 3239 287 3316 OEd.
314 3243 358 3316 ll.
388 3269 422 3316 r.
446 3246 512 3318 24:
534 3249 666 3330 πόλις...
691 3253 894 3344 ἀνακουφίσαι
921 3251 1003 3341 maipa
1032 3245 1133 3336 βύθων
1156 3247 1198 3314 ἴτ’
1229 3247 1288 3341 οὐχ

192 3363 301 3432 οίοιτε.

239 3469 334 3541 Tam
354 3467 517 3540 infinitus
534 3491 706 3540 numerus
723 3479 776 3538 est
793 3461 1091 3562 hyperbatorum,
1110 3489 1193 3566 quae
1211 3491 1286 3540 eer-

192 3599 332 3654 nuntur
343 3581 378 3652 iu
390 3581 569 3679 positione
582 3578 840 3679 particularum
857 3579 892 3650 δι’
905 3576 952 3674 (l
954 3601 985 3648 r.
1002 3602 1038 3648 v.
1055 3579 1125 3652 809
1139 3606 1146 3651 :
1162 3583 1287 3678 ε’πειίχσ·

192 3725 247 3790 μου
259 3697 307 3782 δι’,
317 3691 377 3764 ubi
388 3707 741 3767 tanotamnostram.
755 3687 879 3787 Antig.
891 3713 926 3760 v.
939 3689 1005 3761 99:
1020 3703 1110 3776 ἄνους
1122 3698 1175 3788 ριν
1187 3704 1284 3792 ίρχει,

191 3821 255 3889 τοῖς
272 3814 367 3906 φίλοις
380 3804 414 3879 ’δ’
435 3813 529 3905 ὀρθῶς
547 3811 630 3905 φιλή.
655 3801 715 3900 Aj·
740 3825 776 3874 v.
797 3803 883 3890 613,
905 3816 991 3890 Βία,
1014 3803 1114 3896 εἰσι),
1135 3811 1188 3902 γε’,
1214 3809 1286 3876 lm-

191 3916 318 4014 primis
336 3925 381 4011 τὲ,
405 3923 470 4013 μέν,
491 3927 558 4012 καί,
579 3926 633 4012 μή,
653 3911 697 3985 de
716 3937 785 4013 qua
804 3937 844 3986 re
863 3914 1037 3987 lectorem
1050 3911 1094 3986 ad
1108 3915 1284 3990 Ellendtii

192 4027 332 4102 lexicon
351 4029 518 4128 ablegare
535 4026 618 4099 satis
634 4025 693 4097 sit.
715 4024 934 4126 Sophocleus
953 4049 1034 4097 usus
1050 4049 1124 4099 esse
1140 4027 1284 4100 videtur

191 4140 378 4238 particulae
396 4155 476 4240 ἄρα,
497 4163 579 4240 quae
595 4136 793 4210 seeundum
811 4136 1069 4238 propositionis
1086 4139 1207 4211 locum
1222 4139 1285 4213 ob·

192 4254 309 4328 tinere
325 4251 433 4343 solet,
453 4253 594 4353 longius
607 4249 653 4324 ab
666 4251 771 4328 initio
784 4253 910 4352 positae
922 4301 934 4346 ,
948 4247 1046 4328 oud.
1062 4249 1106 4326 R.
1123 4277 1157 4326 v.
1174 4252 1284 4344 1099,
