2990 4804
692 257 889 332 ...iffi-

248 418 348 468 serva
361 394 450 468 sacta
471 393 536 493 (ita
552 390 649 468 enim
659 389 896 488 explicuimus
913 397 1052 490 ἐτίχιιροι
1069 392 1174 490 Arcton
1192 395 1341 490 λαχσϋσ’,

249 531 330 606 quae
346 505 449 582 alicui
466 503 657 604 praemium
676 500 805 602 gladii,
821 501 922 578 idest
940 501 1025 578 beili
1036 517 1132 578 sorte
1143 503 1345 601 evenithu·

250 641 416 716 promum
434 615 529 690 diem
548 614 688 705 obiret,
712 615 819 690 etiam
838 611 907 688 hoc
925 612 1070 716 adjicit:
1090 619 1253 712 αὐτόνομον
1265 638 1345 692 eam

251 729 286 802 in
299 726 432 802 Orcum
446 726 677 805 descendere.
694 727 742 800 Et
757 727 929 828 quoniam
944 733 1109 826 αὐτόνομος
1122 724 1166 802 dc
1177 750 1220 802 eo
1235 753 1345 800 usur*

250 839 326 938 pari
351 840 461 932 solet,
491 839 553 940 qni
582 843 747 940 suijuris
770 853 843 930 est,
871 838 1008 939 optime
1032 839 1103 916 hoc
1132 835 1346 938 adjectivum

248 951 438 1044 locutioni,
454 977 524 1053 qua
547 951 732 1052 captivitas
755 964 792 1026 et
813 950 980 1026 exsilium
996 949 1258 1052 significantur,
1275 975 1347 1050 op·

248 1063 406 1164 positum
423 1089 498 1140 esse
513 1061 675 1138 videatur
685 1091 698 1153 3
720 1061 780 1138 sed
789 1115 800 1149 ,
817 1059 916 1163 quod
931 1062 1053 1138 statim
1073 1062 1235 1164 sequitur
1251 1071 1344 1160 μόνη,

249 1175 356 1252 simui
370 1175 476 1252 aliam
491 1175 684 1252 notionem
696 1199 739 1252 eo
752 1174 933 1252 contineri
947 1189 1046 1276 patet
1059 1172 1152 1250 hanc
1166 1204 1174 1247 a
1190 1191 1267 1266 tuo,
1283 1173 1347 1276 qui

250 1287 319 1360 tibi
340 1287 512 1388 proprius
535 1303 609 1382 cst,
632 1293 725 1386 ritu,
751 1303 817 1364 tna
841 1285 906 1362 tibi
917 1285 1102 1392 peculiari
1123 1291 1214 1384 lege.
1233 1286 1347 1362 simi-

228 1497 233 1501 Ι
250 1399 334 1472 liter
356 1407 499 1502 αὐτόχειρ
520 1415 556 1476 et
578 1427 603 1474 a
618 1425 656 1476 se
673 1415 710 1474 et
730 1427 754 1470 τι
781 1401 858 1476 suis
877 1425 1007 1476 caesum
1025 1397 1223 1499 significat,
1250 1397 1349 1498 quod

250 1509 373 1611 patefit
392 1509 489 1596 loco,
513 1509 641 1611 Antig.
657 1537 693 1582 v.
718 1513 813 1586 7160
830 1518 953 1608 εΑἵριων
972 1517 1099 1588 ὄλωλεν·
1120 1515 1292 1610 αὐτόχειρ
1317 1507 1347 1586 d'

251 1630 452 1722 αἱμάσσεται.
468 1619 556 1717 Qu'ae
574 1647 687 1720 quum
702 1619 850 1696 mintius
862 1618 1028 1706 dixisset,
1043 1618 1238 1720 respondet
1256 1619 1349 1697 ebo·

252 1761 336 1810 rus:
356 1743 468 1836 πότερα
496 1742 640 1834 πατρῴας
660 1741 679 1814 ἢ
703 1741 776 1836 πρὸς
800 1742 914 1818 οἰκείας
936 1739 1044 1834 χερός;
1070 1731 1128 1808 Sic
1152 1739 1349 1860 αὐτοσραρής

251 1843 373 1924 eadem
392 1843 627 1950 ambiguitate
645 1842 850 1936 adhibetur,
881 1843 939 1972 Α).
956 1869 992 1915 v.
1014 1846 1098 1922 827.
1119 1843 1207 1920 mae
1227 1845 1350 1922 notio

253 1983 315 2036 nes
332 1957 575 2062 permittendi
583 1973 619 2032 et
638 1959 757 2034 semin
744 1959 844 2034 tendi
860 1958 1058 2032 miscentur
1076 1955 1114 2032 in
1135 1955 1249 2034 reato
1265 1989 1349 2060 παρ-

254 2077 329 2146 ιέναι
350 2067 462 2168 (OEd.
483 2068 562 2144 Col.
590 2095 625 2138 v.
653 2070 754 2142 576:
746 2077 812 2144 ·τὸ
837 2076 890 2146 σὸν
912 2085 1046 2170 γενναῖον
1072 2074 1101 2142 ἐν
1128 2083 1245 2169 σμικρῷ
1268 2075 1349 2168 λόγῳ

251 2197 398 2283 παρῆκεν,
424 2187 503 2260 ὥστε
528 2184 652 2282 βραχέα
677 2213 728 2280 μοι
751 2183 838 2258 deici
823 2189 874 2258 θαι
893 2211 929 2284 ρρ
932 2179 1044 2280 duur),
1066 2179 1165 2284 quod
1190 2180 1307 2256 elucet
1330 2203 1350 2256 e

252 2294 472 2400 particulu‘'
450 2325 549 2390 occe,
573 2319 652 2400 qnae
670 2317 689 2365 e
705 2291 816 2370 verbo
834 2293 1068 2400 Jrernnttendi
1087 2307 1167 2390 apta
1186 2315 1350 2370 essenon

254 2423 372 2516 potest
399 2405 495 2510 (vide
525 2403 726 2480 notulam
719 2431 757 2478 ιιι
785 2401 872 2478 edit.
892 2405 1053 2530 nostra).
1084 2411 1251 2492 Βλέτοντας
1273 2401 1348 2528 (AJ‘.

253 2545 291 2590 v.
312 2519 400 2616 266)
418 2518 571 2614 pressius
592 2533 644 2589 est
661 2515 798 2592 dictum
815 2514 899 2590 (10⁰
876 2540 938 2604 ns,
958 2517 1111 2614 quinon
1132 2515 1215 2590 salsa
1234 2514 1351 2618 specie

254 2628 411 2766 decepti,
421 2643 517 2706 recte
530 2627 641 2703 ocnhs
654 2642 816 2702 utuntur
829 2626 872 2725 (
875 2627 900 2698 7.
910 2625 1031 2702 AEsch
1045 2625 1206 2728 Choeph.
1218 2652 1250 2700 v
1261 2627 1349 2716 844,

254 2755 318 2830 πῶς
335 2739 392 2815 adr
394 2738 515 2852 ’dindn
532 2773 584 2812 και
607 2741 791 2834 βλέποντα
811 2741 933 2826 δοξάσω
944 2738 971 2838 ς)
991 2745 1079 2822 Muta
1094 2736 1138 2814 de
1161 2735 1352 2843 pecoribus

256 2853 294 2926 in
313 2844 521 2928 universum
543 2849 614 2954 (Α).
629 2877 665 2924 v.
687 2850 798 2950 totu)
816 2849 977 2952 adeoque
993 2848 1037 2928 de
1041 2848 1142 2948 fens
1158 2877 1245 2926 usur
1246 2866 1352 2952 putus

256 2993 293 3038 m
304 2963 424 3056 Peleo,
442 2958 504 3036 ubi
520 2962 598 3037 haee
611 2977 774 3035 exstant
788 2994 848 3040 παν
860 2969 1000 3062 ρηλονθ
982 2995 1101 3063 ρωντα
1114 2962 1178 3064 (sc
1192 2950 1351 3064 Ᾰχτλλὲα).

255 3079 335 3161 Τοξα
348 3075 392 3148 de
403 3101 490 3150 arcu
506 3090 542 3148 et
558 3068 890 3174 sagittisfflliendt.
910 3073 962 3162 ll,
979 3101 1016 3174 ρ.
1007 3075 1130 3176 ..8477)
1145 3073 1263 3172 Qunm
1283 3100 1354 3176 pee-

255 3184 457 3290 dagogns
449 3215 485 3262 rn
512 3183 719 3260 certaminis
751 3185 925 3288 equestris
948 3183 1189 3288 descriptione
1219 3185 1354 3264 Orestis

256 3299 481 3374 mentionem
494 3292 669 3402 injiciens,
684 3302 870 3397 ὑστέρους
886 3302 1097 3383 adtonsum
1110 3293 1352 3396 heberedrctt,

256 3411 330 3514 (Ei.
347 3439 382 3483 v.
399 3407 570 3512 73421100
592 3407 768 3512 significat
778 3464 788 3500 ,
812 3433 894 3480 eum
911 3424 948 3482 et
965 3408 1077 3484 serius
1091 3435 1198 3514 qnam
1211 3409 1355 3488 ceteris

258 3522 427 3599 cancellis
446 3549 527 3595 cnm
552 3521 644 3626 bigis
659 3547 732 3596 esse
751 3519 973 3624 profectum,
996 3538 1032 3597 et
1058 3522 1227 3598 ultimum
1248 3547 1286 3595 ea
1309 3519 1356 3598 de

259 3659 359 3710 causa
377 3633 497 3712 locum
517 3633 683 3712 tenuisse.
707 3634 764 3708 Sic
788 3631 1025 3734 superlativus
1050 3639 1165 3720 ὑστάτη
1192 3631 1356 3736 singula-

260 3747 350 3820 riter
367 3760 580 3853 usnrpatnm
597 3746 794 3840 invenitur,
814 3741 946 3818 Trach.
960 3771 1004 3820 ν.
1021 3746 1130 3821 7257.
1149 3746 1239 3824 ltem
1255 3769 1355 3846 pree-

260 3885 373 3959 gnane
388 3875 440 3932 est
453 3856 591 3930 locutio
605 3882 674 3960 qua
691 3857 728 3930 in
744 3854 867 3930 eadem
882 3855 1047 3932 oratione
1060 3857 1175 3932 utitnr
1189 3859 1358 3960 paedago-

260 3971 506 4074 gusade'sarou
527 3973 711 4071 ἐκπληρων
734 3982 806 4070 ὄχον
827 3967 878 4066 (ν.
897 3966 1063 4068 698Js1a
1084 3965 1214 4068 qnihns
1236 3983 1272 4044 et
1296 3963 1357 4050 hic

260 4107 381 4158 sensus
393 4082 506 4154 inest:
521 4079 702 4153 c'lectmum
715 4106 862 4158 curtum
872 4105 1073 4182 occupans,
1087 4095 1123 4158 et
1136 4077 1216 4158 hio:
1230 4080 1358 4160 decem

262 4221 436 4274 curruum
452 4190 641 4270 numerum
660 4193 827 4298 eoeplens
