2990 4804
633 265 805 336 ...7-

172 425 294 494 serva,
314 418 533 502 semperque
558 417 639 475 eam
658 422 733 475 esse
757 401 875 478 votuit
897 402 1000 478 Plato
1014 417 1039 474 ¹.
1068 397 1207 475 Similia
1223 399 1269 474 de

174 511 352 587 auloedicc
371 510 546 611 praedicat
562 512 798 586 Plutarchus¹
813 539 822 586 r
836 517 1151 616 Πρωταγωνιστούσης
1168 516 1271 594 δηλον-

174 637 217 701 ότι
236 643 291 713 τῆς
307 637 479 716 ποιήσεως,
500 639 558 701 τῶν
576 631 606 702 δ’
625 634 762 709 αὐλητῶν
778 632 1000 728 ὑπηρετούντων
1022 643 1085 712 τοῖς
1110 629 1269 702 διδασκά-

171 747 247 826 λοις.
267 741 346 812 Nec
360 763 436 812 non
454 733 682 814 saltationem
696 762 781 814 curn
794 737 916 810 verbis
931 739 1153 836 conspirasse
1164 735 1271 810 docet

171 851 375 926 Lucienus³
407 853 652 952 omninoque,
679 873 907 952 quaeeunque
929 871 1008 923 non
1032 849 1077 924 ad
1101 850 1270 922 carminis

171 977 428 1063 argumentum
457 963 645 1062 pertinent
672 962 926 1038 illustrandum
952 963 1180 1063 penitiusque
1204 985 1269 1036 co·

172 1073 420 1173 gnoscendum
460 1075 499 1148 in
529 1074 740 1150 accessionis
773 1092 810 1149 et
838 1075 938 1176 quasi
974 1076 1011 1148 in
1044 1073 1267 1150 condimenti

171 1187 330 1286 (ἥδυσμα)
351 1187 465 1262 loooa
480 1185 664 1262 veteribus
682 1186 803 1260 habita
823 1189 944 1282 suntj.
964 1187 1034 1260 Sed
1047 1190 1122 1287 jam
1137 1186 1268 1262 Lasus⁵
1295 1219 1302 1233 ·

171 1299 282 1396 (eirca
307 1300 451 1399 Olymp.
477 1301 564 1398 Lxx)
590 1299 744 1398 inclytus
769 1299 1085 1398 dithyramborum
1113 1300 1273 1397 scriptor.

170 1411 326 1484 musicos
344 1431 550 1484 numerosa
565 1409 783 1509 syllabarum
798 1414 998 1512 quantitate
1010 1413 1110 1486 velut
1123 1410 1270 1485 vinculo

170 1521 374 1622 paullulum
397 1523 573 1596 relaxasse
596 1522 753 1614 videtur,
780 1522 945 1599 adhibito
975 1525 1040 1598 illo
1069 1523 1267 1597 multarum

172 1633 392 1708 chordarum
424 1637 695 1737 multarumque
728 1636 1002 1711 harmoniarum
1044 1651 1223 1709 concentu
1236 1635 1263 1708 ⁶.

172 1747 328 1822 Cinesias
346 1764 466 1824 autem
476 1799 487 1839 ,
511 1749 666 1842 Crexus,
685 1775 726 1826 ac
742 1752 947 1851 praesertim
965 1745 1228 1848 Melanippidcs
1240 1761 1266 1838 ⁷,

170 1859 407 1952 Philoxenus,
428 1861 640 1936 Timotheus
658 1863 735 1934 Lasi
757 1863 914 1960 vestigiis
932 1863 1135 1936 insistentes
1152 1883 1196 1936 eo
1214 1883 1269 1932 us·

171 1996 242 2073 que
257 1971 416 2045 licentiae
432 1975 610 2073 progressi
627 1990 729 2065 sunt,
748 1989 790 2048 ut
804 1974 906 2049 omni
925 1971 1184 2071 antistrophica
1203 1994 1267 2042 ra-

119 2106 122 2110 ·
171 2084 270 2160 tione
290 2083 449 2176 sublata,
467 2087 670 2162 carminum
687 2111 799 2190 genus
819 2089 875 2162 cui
889 2095 1041 2163 ἀναὸολαί
1051 2083 1269 2186 (prooemia)

171 2223 305 2271 nomen
331 2215 405 2290 est,
432 2199 644 2278 inveherent
656 2229 668 2292 ς
693 2201 977 2303 quodomnium
996 2201 1152 2272 maxime
1171 2229 1267 2295 μιμη-

169 2318 253 2382 τικόν
278 2334 351 2383 esse
381 2309 428 2382 ab
464 2311 660 2386 Aristotele
690 2312 879 2386 docemur.
916 2309 1022 2386 Unde
1054 2309 1265 2407 Dionysius,

172 2421 401 2518 exceptiones
423 2422 464 2494 r'n
491 2424 655 2522 regulam
673 2437 889 2502 convertens
900 2475 911 2513 ,
931 2419 1042 2498 verba
1058 2420 1265 2517 melopoeiae

171 2529 388 2634 subjungere
397 2533 500 2635 jubet
510 2539 537 2626 ⁸,
552 2536 726 2636 exemplis
738 2523 781 2611 ex
792 2534 977 2636 Euripidis
987 2533 1130 2626 Oreste,
1145 2531 1264 2607 sabula

172 2643 421 2735 insulsissima,
438 2645 614 2720 excitatis.

219 2759 263 2830 ln
279 2755 516 2857 tragoediam,
536 2760 671 2859 quippe
689 2785 771 2861 qnae
793 2760 957 2834 homines
980 2761 1018 2832 in
1039 2781 1183 2833 scenam
1203 2759 1263 2830 in-

170 2869 277 2944 ducat
305 2868 628 2946 vehementissimis
653 2873 763 2948 animi
789 2871 976 2945 affectibus
1003 2867 1262 2959 inflammatos,

170 2988 369 3056 novitatem
399 2982 492 3057 hanc
514 2985 728 3058 maturrime
749 2983 894 3058 irruisse
920 2981 1104 3056 neminem
1127 2981 1263 3054 mirum

170 3093 331 3168 habebit.
354 3095 538 3195 Aequum
558 3097 594 3169 in
612 3093 758 3168 Pindari
782 3096 1003 3173 carminibus
1026 3117 1094 3195 per
1115 3095 1262 3194 longam

170 3206 421 3306 stropharum,
446 3208 775 3309 antistropharum,
799 3211 1001 3310 epodorum
1022 3207 1151 3281 seriem
1171 3206 1260 3278 bre-

210 3475 220 3510 ¹
239 3473 346 3556 Legg.,
363 3471 485 3558 V11,p.
499 3479 571 3540 um.

211 3569 223 3606 ⁸
243 3567 288 3629 De
302 3567 428 3646 Musica,
440 3593 470 3653 p.
487 3571 578 3633 1141.

210 3663 222 3705 ⁸
242 3665 400 3740 Lucienus,
414 3667 451 3728 de
465 3669 579 3742 Sellae,
596 3669 655 3742 δὴ
673 3667 713 3728 ei.
733 3667 936 3742 Plutarchum,
953 3667 1060 3744 Queat.
1076 3687 1188 3752 symp,
1201 3662 1259 3745 lx,

169 3781 223 3835 xv,
235 3763 272 3832 93
289 3773 317 3822 et
332 3761 368 3820 de
382 3761 465 3830 Glor.
479 3763 562 3836 Aah„
578 3783 606 3844 p.
620 3761 693 3824 347.

209 3855 220 3892 ⁸
234 3854 424 3942 Bernhardy,
442 3858 615 3922 Gtscha'chte
629 3860 682 3922 der
695 3857 803 3942 griech.
822 3861 944 3932 Possis,
959 3882 990 3940 p.
1011 3855 1082 3920 444.

212 3953 223 3990 ¹
240 3953 423 4027 Plutarchus,
436 3955 472 4016 de
486 3956 575 4030 Mus,
588 3977 619 4038 p.
638 3955 729 4020 1141.
828 3978 835 3991 ·

210 4046 221 4082 ⁸
237 4049 428 4125 Plutarchus,
444 4051 484 4112 ib.

132 4177 135 4186 ·
210 4145 359 4220 ⁷Aristot,
376 4147 535 4222 Problem.‚
558 4147 650 4224 XIX,
667 4147 723 4220 15;
741 4145 967 4225 Rhet.,111,9.

211 4239 223 4277 ⁸
238 4242 282 4302 De
297 4241 432 4325 Compos.
450 4225 553 4321 Verbi,
569 4267 595 4306 c.
609 4267 651 4308 ιι.
