2990 4804
530 283 813 358 ¹-·-ll--

166 423 357 498 retinuisse
379 419 538 496 videtum
558 420 724 515 Quorum
745 447 897 524 magnus
917 433 1090 498 numerus
1112 425 1263 501 critico-

167 563 251 612 rum
263 535 470 610 temeritate
482 531 643 608 sublatus
658 551 712 608 cst
721 591 731 625 ,
749 537 849 636 eujus
865 537 1007 636 generis
1022 553 1107 612 sunt
1122 567 1131 612 a
1148 547 1263 636 θῶκος,

168 659 251 743 νηός,
270 655 386 742 τοκέες,
412 655 486 748 yart
505 649 638 744 (vocat.
658 673 727 746 pro
744 649 863 748 ydrost),
886 657 988 743 τόθεν,
1015 654 1114 746 διδοῖ,
1134 661 1262 742 τιθεῖσι,

165 768 367 859 πωλεύμεναι,
387 765 806 858 αὖτόχθονοςπαύτόχθων,
825 771 945 857 κάμπη,
965 775 1041 855 ἄνη,
1060 778 1130 837 etc.
1149 780 1175 835 ¹·
1263 805 1266 812 ¹

215 872 285 946 Sed
302 873 412 946 etiam
430 870 632 946 dorismum
650 872 689 946 in
709 873 930 972 tragicorum
947 873 1168 949 carminibus
1181 874 1264 949 satis

166 984 289 1058 firmas
305 983 444 1058 radices
462 982 596 1075 lixisse,
615 984 879 1060 recentioribus
896 984 1169 1085 philologorum
1189 986 1265 1062 dis·-

167 1095 426 1198 quisitionibus
451 1094 645 1194 probatum
670 1113 762 1172 est².
789 1097 896 1198 Cujus
918 1099 1076 1198 plurima
1100 1100 1264 1198 exempla

166 1225 365 1284 recurrunt
382 1209 421 1282 in
435 1208 587 1300 melicis,
604 1207 666 1282 ubi
679 1210 837 1284 multum
850 1212 987 1284 faciunt
1001 1209 1046 1284 ad
1060 1209 1264 1309 augendum

169 1338 372 1412 tumorem3
395 1321 504 1418 paulo
527 1321 645 1393 rarius
670 1323 706 1392 in
732 1322 910 1394 monodiis
932 1336 969 1396 et
991 1339 1055 1407 τοῖς
1077 1331 1137 1399 ἀπὸ
1155 1339 1265 1408 naute

169 1434 375 1523 inreritum
392 1432 430 1506 in
447 1431 619 1508 diverbiis
641 1457 841 1534 nunquam.
867 1433 963 1508 Tum
979 1433 1048 1508 hoc
1067 1433 1264 1508 tenendum

168 1563 231 1637 est,
244 1545 367 1620 multo
380 1545 546 1622 licentius
560 1543 721 1620 dorismo
736 1546 787 1620 uti
800 1545 1029 1646 Euripidem,
1044 1549 1144 1646 cujus
1156 1547 1263 1622 etiarn

167 1658 371 1748 monodica,
397 1657 558 1733 medium
585 1659 682 1732 inter
706 1657 869 1734 diverbia
891 1675 928 1732 et
950 1657 1117 1734 thoricos
1140 1674 1266 1732 cantus

168 1771 290 1846 locum
310 1785 487 1860 tenentes,
508 1771 628 1846 fucato
645 1770 710 1844 illo
727 1796 769 1846 ac
785 1770 887 1873 quasi
903 1771 1112 1846 meretricio
1131 1785 1266 1846 ornatu

167 1885 311 1958 relertae
331 1898 429 1957 sunt.
449 1881 556 1978 Quod
571 1882 729 1958 maxime
747 1883 785 1956 in
803 1883 845 1957 iis
859 1882 1007 1971 sabulis,
1028 1909 1109 1982 quae
1125 1883 1266 1980 longis*

168 1998 258 2070 sime
286 2022 306 2070 a
335 2020 432 2070 rere
460 2020 608 2094 poeseos
637 1992 759 2071 indole
783 1994 935 2085 absunt,
962 2010 1003 2070 ut
1033 1995 1070 2070 in
1096 1993 1264 2087 Hecuba,

169 2107 342 2198 Troadis,
360 2107 508 2199 Oreste,
528 2107 706 2184 cernitur.

217 2219 492 2296 Habenttamen
505 2220 613 2295 etiam
626 2222 849 2319 tragicorum
864 2220 972 2294 iambi
987 2219 1180 2296 nonnullas
1191 2219 1264 2294 sor·

169 2359 246 2410 mas
265 2335 477 2411 vetustiores
493 2358 604 2434 quam
619 2359 708 2432 quas
724 2332 884 2431 vulgaris
906 2355 1027 2406 sermo
1042 2329 1151 2417 serat,
1171 2355 1264 2428 qua·

169 2446 222 2519 les
238 2463 322 2520 sunt
336 2479 393 2540 νιν,
410 2478 476 2546 σφε,
500 2444 684 2519 interdum
698 2451 782 2520 σέθεν
794 2445 820 2533 ³,
839 2458 875 2520 et
895 2442 1172 2542 praepositiones
1186 2458 1268 2540 post

170 2558 391 2634 substantiva
407 2585 467 2631 sua
485 2559 626 2658 positae,
644 2565 756 2633 τούτων
773 2564 840 2659 πέρι
850 2613 860 2653 ,
874 2563 971 2633 ὅπλων
981 2564 1077 2656 μέτα,
1091 2572 1160 2628 etc.
1181 2555 1267 2630 Haec

171 2687 207 2743 et
227 2671 356 2744 similia
381 2687 421 2743 ut
438 2679 526 2772 λῆρον
545 2679 688 2772 τραγικόν
710 2670 904 2770 saepissime
925 2665 1100 2742 illudebat
1124 2694 1267 2742 comoe-

170 2782 226 2858 dia
244 2784 428 2860 recentior
438 2784 467 2855 ⁴.

219 2893 409 2970 Interdum
428 2894 545 2970 ionica
560 2894 677 2972 forma
696 2919 716 2968 a
733 2892 881 2992 tragicis
897 2890 1028 2966 doricae
1046 2889 1267 2988 praelereba-

173 3023 253 3099 tur3
273 3005 373 3108 quod
391 3022 469 3082 tum
490 3007 696 3105 praesertim
711 3006 846 3080 sactum
862 3027 936 3080 esse
950 3000 1113 3079 ridemus
1123 3055 1135 3092 ‚
1154 3029 1268 3103 quum

170 3117 293 3196 dorica
310 3118 453 3219 vulgari
472 3143 537 3192 usu
555 3117 664 3192 nimis
682 3130 876 3193 tereretur.
898 3117 957 3193 Sic
973 3123 1102 3202 Μηλιεύς
1119 3132 1156 3190 et
1173 3123 1269 3204 Μηλίς

171 3259 191 3306 a
214 3231 395 3332 Sophocle
417 3256 487 3330 pro
509 3230 658 3331 vulgato
683 3235 829 3322 Μαλιεύς,
859 3239 966 3325 τιήρας
990 3252 1059 3324 pro
1084 3238 1193 3326 τιάρας
1222 3225 1268 3298 ab

171 3344 360 3443 AEschylo,
389 3341 436 3418 ab
465 3360 622 3444 utroque
649 3357 688 3416 et
713 3339 759 3416 ab
790 3335 966 3433 Euripide
995 3360 1138 3434 semper
1163 3339 1266 3434 Θρῄξ,

172 3468 315 3556 Θρῄκιος,
336 3471 425 3545 etc„
444 3454 612 3554 usurpari
630 3468 772 3530 certum
785 3448 875 3525 est⁵.

172 3689 290 3774 propius
312 3688 352 3748 ud
373 3689 522 3770 antiquam
537 3684 665 3765 AEschyli
685 3696 714 3743 et
736 3681 903 3762 Sophoclis,
918 3703 1007 3763 qnam
1021 3681 1060 3742 ad
1078 3681 1268 3741 recentiorem

173 3783 324 3866 Euripidis
339 3799 368 3844 et
382 3784 419 3844 ad
434 3783 607 3844 comoediam
620 3777 743 3840 accedit.
757 3777 876 3854 Miiller,
890 3777 922 3838 Il
935 3825 943 3854 ,
956 3803 988 3862 p.
1001 3775 1071 3840 214.

216 3893 225 3919 ¹
242 3879 426 3964 Bernhardy,
443 3881 492 3944 W
491 3875 745 3962 itsenschcfllt'ehe
759 3875 895 3958 Syrtes,
910 3899 940 3959 p.
957 3880 1008 3940 12.

214 3988 226 4016 ²
238 3977 355 4040 Ellendt
368 4021 376 4052 ,
391 3975 521 4038 Lexicon
534 3973 749 4058 Sophocleum,
764 3971 796 4032 ll
807 4015 816 4048 ,
829 3997 857 4056 p.
874 3976 926 4040 35.

214 4073 226 4113 ³
239 4071 398 4146 Thiersch‚
418 4072 530 4133 Griect.
546 4070 814 4152 Sclautgramnadk
822 4114 833 4142 ,
844 4094 874 4154 p.
893 4073 965 4131 tol.

212 4168 225 4214 ⁴
241 4167 345 4243 Arist,
361 4169 597 4247 Poet.‚c.xx11,
613 4172 650 4239 9,
668 4163 717 4224 14.

214 4263 227 4308 ⁵
239 4265 375 4346 Ellendt,
387 4265 513 4330 testem
526 4264 716 4354 Sophocleum
729 4308 738 4343 ,
753 4264 802 4340 ΙΙ,
818 4284 850 4342 p.
866 4261 916 4322 18.
