2990 4804
569 288 766 358 -294-

117 417 237 492 imbre
259 435 521 519 comparasset,
540 445 652 521 quem
669 437 705 495 et
727 419 916 494 turbidum
931 434 967 494 et
992 421 1213 498 lutulentum

116 555 190 604 esse
209 532 360 623 scimus,
386 543 539 634 ἀκήρατος
560 534 828 632 (incorruptus,
854 533 1040 632 limpidus)
1064 531 1211 632 adjecit,

117 645 261 743 nequis
284 644 330 717 de
359 670 445 719 vero
472 645 590 720 imbre
619 648 779 746 cogitare
799 663 925 745 posset.
951 645 1003 717 De
1024 645 1213 720 notissimo

117 754 198 828 loco
216 757 276 829 El.
297 783 333 830 v.
362 759 456 830 1389
471 785 480 830 :
497 767 675 842 νεακόνητον
694 761 773 855 αἷμα
789 776 891 861 χεροῖν
908 769 1000 856 ἔχων,
1027 754 1089 833 ubi
1109 785 1213 832 com·

116 885 340 942 mentatores
373 872 452 966 αἷμα
488 871 610 966 inepte
647 871 819 968 gladium
860 883 1070 959 verterunt,
1111 869 1213 944 odeas

117 981 284 1054 notulam
308 996 483 1056 nostram.
505 982 600 1055 Male
625 1008 827 1080 oxymoron
851 979 1122 1083 deprehendere
1143 981 1211 1056 sihi

119 1090 184 1162 risi
202 1109 286 1163 sunt
302 1093 373 1164 riri
395 1091 492 1182 docti
519 1094 555 1166 in
575 1091 787 1168 Philoctetes
804 1096 885 1170 loco
903 1121 936 1168 v.
957 1093 1029 1172 849
1052 1123 1060 1164 :
1084 1077 1211 1193 ὄμμασι

118 1211 276 1301 ἀντίσχοις
292 1208 380 1278 τάνδ’
395 1214 520 1306 αἴγλαν,
540 1204 601 1276 ubi
619 1204 664 1278 dc
684 1207 838 1305 caligine
852 1207 1073 1305 cogitarunt.
1094 1206 1211 1278 Immo

118 1311 161 1385 de
191 1315 337 1388 salutari
364 1316 483 1390 nitore
506 1317 671 1417 loquitur
689 1334 811 1420 poeta,
836 1343 910 1418 quo
932 1316 1147 1390 dormientis
1171 1342 1211 1391 os

119 1423 352 1498 suffunditur.

168 1537 213 1612 V.
227 1537 381 1612 Videtur
399 1539 508 1612 etiam
521 1541 735 1642 antiquioris
753 1543 864 1641 magis
876 1569 984 1646 quam
997 1540 1210 1614 recentioris

121 1650 308 1749 tragoediae
324 1651 385 1724 illa
400 1651 535 1726 locutio
548 1679 620 1726 esse
634 1653 806 1752 Sophocli
829 1653 1123 1739 familiarissima,
1140 1677 1210 1752 qno

121 1760 326 1861 longiorem
350 1765 552 1838 orationem
574 1766 792 1842 concludere
814 1768 905 1839 solet
932 1798 939 1838 :
965 1769 1054 1840 πάντ’
1073 1774 1211 1848 ἀκήκοας

119 1879 207 1973 λόγον
223 1873 334 1962 (Phil.
361 1904 397 1948 v.
418 1881 534 1967 l22lr3
557 1877 613 1976 Aj.
634 1906 669 1949 v.
696 1881 789 1968 t·80;
816 1877 950 1950 Trach.
973 1904 1005 1948 r.
1031 1877 1133 1970 876),
1155 1875 1211 1949 rel

120 1988 210 2058 οἶσθα
239 1990 277 2067 δὴ
303 1997 337 2061 τὸ
363 2005 423 2064 πᾶν
450 1987 567 2085 (Phil.
594 2017 627 2062 v.
657 1991 760 2087 241).
789 1989 847 2062 Sic
872 2006 1009 2063 veteres
1033 1985 1207 2079 Romani,

120 2099 321 2174 orationem
347 2099 461 2176 verbo
486 2101 572 2175 dixi
595 2101 700 2176 finire
720 2099 898 2176 solebant.

421 2349 446 2441 S
474 2352 509 2420 5.
539 2370 585 2417 nn
609 2369 913 2420 tunorrnnrronr..

167 2547 518 2626 Annominationem
528 2608 539 2642 ,
556 2551 856 2642 alliterationem,
874 2577 1127 2654 quamcunque
1151 2579 1211 2630 vo·

119 2661 167 2733 eis
184 2661 487 2738 adsimilationem
502 2664 753 2770 (ὁμοιοτέλεντον,
768 2678 962 2769 παρήχιισις,
979 2668 1210 2768 παρονομασία)

119 2774 227 2846 etiam
241 2776 478 2876 antiquissimi
497 2794 635 2876 poetes,
656 2781 860 2876 praesertim
883 2781 1051 2866 Romani,
1072 2803 1211 2852 amave·

120 2903 207 2959 runt
220 2905 244 2963 ¹.
273 2887 326 2962 Ac
345 2890 425 2987 plus
444 2890 554 2964 semel
578 2888 619 2962 iis
642 2915 723 2962 usus
743 2906 795 2962 est
819 2889 1007 2986 AEschylns
1026 2891 1145 2988 (Sept.
1174 2916 1207 2963 c.

118 2998 236 3071 Theb.
255 3028 289 3072 v.
308 3004 377 3074 803
396 3029 495 3102 sqq.;
510 3002 609 3073 Pers.
627 3005 808 3088 542-544,
826 3003 1008 3089 552-554‚
1025 3003 1208 3091 oso-681,

120 3113 310 3203 oso-6873
337 3113 460 3186 Prom.
482 3115 666 3212 eoo-867)
694 3139 759 3186 nec
780 3111 973 3188 abhorruit
993 3114 1207 3214 Sophocles3

119 3224 203 3321 qui,
220 3249 295 3323 quo
310 3229 492 3300 recentior
508 3251 662 3325 quaeque
677 3227 751 3326 ejus
766 3227 947 3299 estlabula
956 3280 966 3315 ‚
983 3251 1026 3299 eo
1038 3226 1209 3324 frequen·

121 3333 190 3406 tius
201 3359 257 3406 eas
272 3339 459 3435 usurpavit
478 3337 567 3436 (vid.
584 3339 868 3437 Pleonasmum),
882 3336 963 3425 sed,
982 3337 1010 3409 si
1025 3363 1113 3408 unas
1124 3338 1209 3408 Tre·

120 3443 256 3522 chinios
265 3451 434 3546 excipias,
452 3449 513 3539 ita,
528 3467 568 3522 ut
579 3476 646 3524 nce
660 3450 789 3523 ellectu
803 3464 981 3537 carerent,
996 3471 1062 3521 nee
1074 3446 1118 3519 ad
1130 3447 1210 3520 ina-

120 3583 204 3630 nem
222 3561 341 3632 lusum
360 3559 636 3660 degenerarent.
656 3563 743 3656 Quis
757 3563 855 3633 enim
867 3588 980 3662 quum
995 3562 1210 3661 vituperarit

13 3695 14 3730 ι
120 3668 158 3742 in
174 3672 359 3770 Euripidis
375 3699 478 3746 versu
492 3675 755 3772 sigmatismum
776 3672 892 3770 (Med.
912 3701 943 3746 v.
958 3677 1046 3773 476)
1067 3705 1074 3747 :
1095 3659 1210 3748 lauru

121 3788 151 3854 σ’
170 3792 210 3867 ὡς
232 3799 335 3858 ἴσασιν
353 3773 492 3866 Ελλήνων
515 3793 600 3880 ὅσοι,
628 3811 703 3859 non
729 3784 849 3858 laudet
874 3788 967 3886 apud
993 3787 1210 3884 Sophoclem

13 3975 14 3994 ρ
122 3891 235 3990 (OEd.
255 3896 302 3968 R.
321 3924 358 3969 v.
379 3900 468 3996 615)
481 3953 491 3988 ,
505 3907 532 3971 d
544 3905 574 3972 c’
593 3903 729 3985 ἐξισώσει
747 3909 796 3973 σοι’
809 3910 905 3975 τεκαὶ
919 3917 1059 3987 τοῐςσοΐς
1074 3906 1205 3994 τέκνοις,

165 4257 174 4286 ¹
195 4246 305 4324 Munk,
321 4247 430 4307 Muris
441 4249 492 4310 der
507 4247 647 4311 Griecleu
662 4251 724 4310 uud
736 4252 851 4330 Homer,
867 4275 897 4338 p.
917 4257 962 4316 18.
