2990 4804
668 339 720 354 ...a
742 299 790 370 62
815 337 869 354 ..-

222 454 380 525 recteest
393 435 529 526 dictus,
544 436 785 536 adstipulante
799 437 917 510 Dione
931 435 1186 536 Chrysostomo
1196 453 1225 507 ⁸·
1237 435 1315 510 Nee

223 553 424 651 refragatur
440 549 721 646 Quintilianus²‚
745 551 810 650 qui
822 549 920 651 quod
937 551 1101 650 personis
1119 550 1159 621 in
1172 547 1318 646 agendo

223 665 329 737 simul
357 658 612 762 loquendoque
643 661 805 734 debitam
833 662 1052 762 dignitatem
1079 659 1309 749 reddidisset,

222 776 250 849 si
271 776 442 848 tenuisset
466 772 639 862 modum,
663 774 874 873 proximum
892 775 1042 852 Homeri
1061 773 1234 850 aemulum
1250 799 1312 871 ap·

222 887 349 986 pellaci
367 886 523 986 potuisse
541 902 672 962 censet.
694 884 811 979 Quid,
835 885 932 988 quod
950 887 1130 960 Ενιιιιιοτ3
1149 886 1311 960 omnium

222 1013 414 1072 auctorum
436 995 543 1096 longe
561 998 698 1096 primos
725 998 924 1072 Homerum
954 1014 990 1070 et
1009 995 1217 1096 Euripidem
1241 1020 1314 1070 esse

223 1108 459 1198 existimavit,
480 1117 574 1210 λέγων
596 1111 726 1210 ἐργῶδες
746 1115 775 1182 ἐν
791 1125 834 1206 τῷ
859 1118 953 1212 κυρίῳ
975 1117 1042 1210 οἵροι
1067 1118 1120 1184 κοιλ
1148 1118 1315 1208 συμπαθῶς

223 1217 367 1324 ypotheca?
385 1217 516 1296 Nonne
533 1220 606 1320 ipse
624 1217 834 1320 AEschylusl
850 1220 984 1294 sabulos
1005 1249 1083 1294 suas
1099 1245 1316 1320 magnarum

222 1331 372 1408 Homeri
392 1331 582 1434 epularum
598 1331 748 1408 frustula
768 1358 841 1407 esse
864 1329 1033 1408 dicebat?
1048 1335 1106 1408 Sic
1119 1329 1316 1432 Sophocles

224 1445 390 1546 castigata
438 1441 592 1544 quadam
633 1461 901 1547 temperatoque
941 1443 1159 1520 sublimitate
1197 1443 1316 1518 omnis

223 1581 369 1655 poeseos
386 1581 554 1630 normam
572 1582 612 1626 ac
629 1557 792 1654 regulam
805 1557 1005 1628 Homerum
1020 1581 1176 1656 aequasse
1189 1582 1206 1626 a
1218 1570 1314 1632 vete·

224 1667 324 1741 ribus
339 1666 495 1742 creditus
509 1683 584 1756 est,
601 1691 713 1768 quare
730 1682 765 1741 et
783 1668 930 1740 Homeri
948 1676 1083 1754 ζηλωτής
1096 1666 1312 1768 appellatur,

224 1794 261 1852 et
278 1779 449 1852 Polemo⁵
466 1777 666 1852 Homerum
683 1777 900 1880 Sophoclem
917 1781 1079 1881 epicum,
1097 1777 1315 1878 Sophoclem

223 1887 425 1964 Homerum
445 1887 622 1992 tragicum
639 1887 759 1963 dicere
775 1888 926 1966 solebat.
945 1893 1020 1966 Nee
1044 1919 1117 1968 non
1138 1893 1174 1966 in
1193 1889 1315 1964 eadem

223 2001 399 2074 sententia
418 2017 470 2073 est
502 2017 628 2074 auctor
645 1999 759 2091 Vitae,
777 2003 840 2103 qui
863 2002 941 2077 haec
959 2002 1069 2079 tradit
1090 2034 1099 2076 ι
1118 1991 1259 2080 Ιλθοποιεῑ
1282 2004 1316 2078 δὲ

223 2119 276 2187 κοιλ
298 2119 444 2188 ποικίλλει
467 2119 519 2186 καὶ
540 2129 603 2198 τοῖς
627 2117 807 2210 ἐπινοήμασι
830 2131 975 2214 τεχνικῶς
999 2131 1130 2217 χρῆται,
1161 2103 1316 2215 ὀρκρικὴν

224 2229 442 2324 ἐκματτόμενος
454 2234 566 2325 χάριν·
588 2227 653 2298 ὅθεν
672 2235 763 2299 εἰπεῖν
778 2257 869 2330 pauiu
884 2219 1004 2304 Ῐωνικόν
1020 2261 1105 2326 τινα,
1120 2237 1231 2328 μόνον
1255 2239 1317 2300 Σο·

224 2341 370 2438 ροκλέοι
401 2346 610 2438 τυγχάνειν
635 2323 789 2440 ὁμήρον
815 2351 1003 2437 μαθητήν,
1032 2369 1073 2415 ac
1095 2340 1202 2442 paulo
1226 2333 1316 2414 insta

225 2473 309 2524 eum
338 2466 375 2524 et
405 2473 531 2522 rerum
558 2465 595 2522 et
624 2465 829 2549 temporum
857 2453 944 2528 scite
975 2454 1154 2528 rationem
1184 2445 1317 2526 habere

224 2559 239 2659 (
247 2560 481 2664 ονμμετρῆσοιι)
501 2586 666 2662 saepeque
680 2561 831 2660 parvulo
845 2561 1071 2640 hemistichio
1085 2589 1228 2665 unaque
1242 2589 1319 2638 sen·

225 2671 339 2743 tentia
377 2696 542 2772 personae
575 2696 694 2745 mores
735 2669 939 2771 exprimere
974 2677 1171 2774 (ἠθοποιεῖν)
1195 2669 1313 2746 docet.

225 2781 369 2858 Scilicet
392 2783 571 2858 non'cum
594 2781 836 2858 imitatoribus
859 2785 901 2858 iis
924 2812 981 2860 res
999 2803 1053 2861 est
1075 2785 1202 2877 nobis,
1227 2809 1317 2888 quos

225 2921 369 2970 servum
385 2921 493 2998 pecus
512 2895 684 2972 Horatius
698 2897 880 2989 nominat,
900 2895 961 2973 sed
986 2926 1068 2974 cum
1096 2899 1243 2972 summis
1258 2921 1319 2970 ve-

226 3004 311 3079 teris
338 3007 489 3082 Graeciae
516 3008 691 3110 ingeniis,
723 3036 804 3110 quae
830 3009 1031 3086 Homerum
1057 3011 1223 3110 exemplo
1247 3005 1316 3082 sibi

226 3140 298 3190 esse
317 3117 426 3190 etiam
440 3118 479 3192 in
497 3113 637 3193 honore
655 3121 852 3220 ponebant.

275 3227 475 3304 Fatendum
500 3247 621 3305 tamen
646 3231 732 3322 erit,
763 3229 893 3306 habere
920 3231 1039 3323 illum,
1060 3233 1318 3335 qualiscunque

227 3357 298 3434 est,
314 3341 486 3446 Stephani
499 3341 665 3420 libellum
678 3343 837 3446 aliquam
849 3371 868 3420 a
881 3343 1115 3424 similitudine
1128 3371 1317 3448 argumen-

271 3679 326 3740 ιΠ
336 3726 345 3756 ,
356 3704 387 3764 p.
404 3678 475 3746 284.
493 3689 578 3744 Τοῦτο·
590 3707 621 3766 χι
642 3685 755 3753 ἅπαντές
772 3709 850 3766 potuer
865 3689 890 3745 al
902 3667 1012 3756 littam
1029 3695 1193 3773 Στησίχορον
1211 3673 1317 3770 ὁριήρον

226 3779 341 3849 ζηλωτὴν
355 3781 477 3860 perlutae
491 3787 537 3840 καὶ
548 3783 657 3843 ἐοικέναι
672 3785 742 3843 κατὰ
753 3791 800 3849 τὴν
814 3791 930 3852 ποίησιν.

269 3883 281 3912 ·
296 3873 341 3956 X,
356 3897 380 3950 r,
394 3877 447 3938 θλ.

268 3969 467 4054 ³oiog.,1v‚
484 3993 592 4036 uviri.

269 4066 282 4112 ⁴
295 4067 460 4146 Athenaeus,
477 4069 572 4144 Vlll,
587 4069 661 4144 347,
676 4093 702 4131 e.
717 4082 769 4131 Τοῦ
784 4075 863 4131 καλοῦ
876 4080 920 4131 καὶ
937 4073 1058 4155 λαμπροῦ
1068 4071 1216 4150 Αἰσχύλον,
1234 4071 1261 4141 ὃς
1273 4080 1320 4132 καὶ

228 4166 276 4230 τὰς
290 4167 372 4223 αὑτοῦ
382 4165 532 4248 τραγῳδίας
543 4173 651 4246 τιμάχη
666 4167 732 4228 εἶναι
745 4171 817 4249 thays
829 4180 882 4228 τῶν
892 4160 999 4252 ὁρήρνν
1009 4169 1129 4250 μεγάλων
1137 4168 1258 4230 delusor.

271 4256 282 4296 ⁵
296 4258 397 4342 Diog.,
410 4261 465 4337 IV,
481 4281 532 4322 xx.
