2990 4804
682 285 875 362 ...na-

236 419 399 502 Nimium
424 419 585 519 prolecto
611 418 715 520 hujus
740 422 883 520 generis
909 423 1118 526 ambagibus
1140 431 1215 527 ejni
1236 443 1324 504 tem·

235 533 336 634 poris
357 529 593 610 Athenienses
611 531 902 626 delectabantur,
923 563 1038 638 quum
1058 539 1096 613 in
1115 541 1322 633 Tecmesra,

232 659 311 724 'non
340 661 413 722 tam
434 644 556 722 mariti
579 660 716 722 sortem
738 647 922 746 plorante,
950 677 1060 752 quam
1082 655 1230 754 argutiis
1257 655 1325 730 im·

235 769 401 836 morante
410 811 423 850 ,
442 783 518 834 non
533 756 773 834 offenderent.
1308 824 1311 832 .

282 871 341 942 Ex
353 868 531 969 pluribus,
550 896 631 970 quae
646 886 800 964 restant,
819 900 933 949 unum
947 874 1016 952 hoc
1032 877 1189 952 Electrae
1201 879 1324 956 locum

234 980 387 1083 adjicere
408 982 490 1056 satis
515 983 574 1057 sit.
600 981 719 1076 Quum
737 1009 793 1059 res
818 987 892 1086 jam
910 1013 953 1062 eo
977 988 1127 1064 adducta
1154 1008 1265 1082 esset,
1283 1009 1324 1066 ut

235 1093 377 1170 Orestes
388 1119 425 1168 se
438 1092 482 1168 ed
495 1092 729 1171 occidendam
744 1109 898 1174 matrem
912 1102 1128 1200 accingeret,
1143 1127 1187 1176 ex
1200 1103 1325 1202 peada-

234 1231 330 1308 gogo
360 1207 513 1308 quaerit,
541 1206 757 1304 gauderetne
787 1226 905 1285 mater
930 1213 1020 1290 salso
1044 1213 1089 1290 de
1113 1213 1179 1290 filii
1204 1231 1325 1292 morte

235 1319 367 1397 nuntio
385 1320 506 1395 allato.
525 1318 621 1395 Tum
638 1320 700 1396 illc
717 1322 770 1421 (v.
789 1325 901 1423 1343)
923 1353 933 1402 a

400 1504 574 1584 Τελουμένων,
587 1507 685 1587 εἴποιμ’
698 1509 746 1566 ἄν·
759 1513 792 1574 ὥς
804 1507 833 1567 δὲ
846 1517 890 1567 νῦν
901 1511 980 1589 ἔχει,

397 1600 480 1667 καλῶς
493 1603 529 1660 τὰ
543 1608 633 1660 κείνων
645 1608 752 1677 πάντα,
766 1611 812 1662 καὶ
823 1609 859 1663 τὰ
870 1611 905 1685 μὴ
919 1605 1013 1674 καλῶς.

236 1775 401 1846 Benene
424 1772 559 1848 habent
585 1781 731 1874 omnia,
767 1777 868 1877 quod
897 1777 952 1852 ad
977 1777 1082 1870 illos,
1109 1778 1220 1850 etiam
1241 1805 1326 1879 quoe

234 1911 307 1958 non
324 1884 412 1960 bene
423 1945 435 1980 ,
459 1886 496 1961 id
511 1887 568 1963 est'
585 1905 789 1992 opportuna
811 1887 917 1964 nobis
941 1889 1062 1965 omnia
1088 1905 1189 1982 sunt,
1216 1890 1325 1964 etiam

234 1999 422 2076 scelestum
436 2000 480 2076 de
499 2019 617 2078 morte
637 2003 771 2078 Orestis
789 2003 981 2104 gaudium,
999 2028 1044 2078 ex
1057 2027 1172 2105 eoque
1185 2030 1322 2080 summa

234 2115 417 2189 securitas.

521 2382 620 2480 §te
640 2405 687 2458 uu
703 2405 885 2458 soruocns
903 2403 1037 2457 noun.

282 2585 424 2686 Duplex
450 2603 504 2660 est
529 2585 657 2660 ironiae
684 2587 787 2688 hujus
809 2601 1037 2686 tantoperea
1063 2585 1325 2662 recentioribus

235 2701 368 2774 criticis
388 2698 540 2773 laudatae
559 2699 663 2784 ratio,
689 2715 750 2773 aut
775 2697 814 2773 in
837 2699 921 2774 solis
940 2697 1056 2792 sactis,
1075 2715 1136 2771 aut
1159 2697 1265 2772 simul
1287 2701 1325 2773 in

234 2811 353 2886 verbis
371 2813 499 2914 posita.
519 2807 852 2914 Quomodocunquc
870 2833 1048 2885 ueroeam
1066 2809 1322 2904 considerabis,

233 2925 321 2999 artis
345 2925 554 3025 Sophoclem
580 2925 765 3000 cumulum
790 2941 826 3032 et
846 2923 945 3026 quasi
963 2924 1101 3022 apicem
1123 2947 1196 2997 esso
1213 2951 1327 3024 appa-

232 3037 341 3112 rebit.
361 3039 533 3138 Erumpit
551 3039 649 3112 enim
665 3054 743 3111 tum
760 3038 937 3126 maxime,
956 3061 1067 3135 quum
1083 3031 1128 3107 ad
1144 3031 1326 3110 summum

231 3150 412 3252 fastigium
434 3167 577 3225 evectus
596 3149 726 3225 labulae
753 3178 876 3226 cursus
896 3153 970 3252 jam
997 3151 1035 3221 in
1061 3165 1197 3238 coest,
1220 3161 1261 3221 ut
1286 3145 1324 3222 in

232 3267 458 3342 contrarium
485 3281 601 3339 vertat
628 3263 829 3367 (περιπέτειαι)
855 3259 958 3340 etad
987 3261 1127 3334 exitum
1156 3257 1321 3334 inclinet.

233 3377 438 3481 Antequam
462 3377 559 3453 enim
580 3377 641 3451 sati
662 3376 821 3463 decreta,
844 3377 918 3464 vel,
939 3375 966 3446 si
985 3369 1055 3446 hoc
1077 3371 1209 3463 mavis,
1233 3371 1325 3448 deo-

230 3517 313 3564 rum
338 3492 503 3566 voluntas
523 3507 599 3564 rata
617 3489 697 3579 fiat,
719 3485 902 3561 interdum
925 3509 989 3585 per
1013 3483 1124 3559 breve
1149 3485 1322 3584 temporis

230 3619 458 3678 momentum
485 3604 558 3678 sive
581 3601 712 3675 sabulae
734 3597 977 3674 interlocutor
1004 3597 1221 3698 praecipuus,
1250 3597 1324 3672 sive

230 3713 374 3808 chorus,
387 3715 471 3790 salsa
483 3712 591 3788 bonae
604 3713 760 3788 lortunae
775 3711 890 3812 specie
902 3710 1013 3784 delusi
1030 3725 1065 3782 et
1078 3733 1134 3782 res
1149 3731 1322 3806 prospere

228 3823 354 3898 cedere
371 3825 587 3899 arbitrantes
607 3819 813 3900 incredibili
835 3823 958 3896 laetitia
979 3819 1195 3895 efferuntur.
1216 3818 1323 3913 Quod

226 3936 371 4010 evenire
393 3937 572 4026 videmus,
592 3963 707 4038 quum
725 3937 833 4035 Ajuce
847 3931 890 4008 ad
907 3933 1025 4022 littus,
1049 3948 1089 4006 ut
1106 3956 1143 4005 se
1158 3928 1320 4022 occidat,

225 4048 400 4150 prolecto,
426 4049 557 4123 chorus
576 4077 653 4150 prae
673 4049 804 4150 gaudio
830 4047 975 4124 choreas
993 4046 1110 4132 ducit,
1134 4068 1216 4116 cum
1237 4071 1322 4119 curn

226 4159 292 4235 diis
318 4159 526 4260 Atridisque
562 4167 601 4234 in
633 4162 786 4260 gratiam
819 4158 1021 4233 rediturum
1049 4172 1167 4246 ratus;
1199 4155 1257 4230 vel
1281 4156 1321 4230 in

225 4271 439 4360 Trachiniis,
457 4293 569 4372 quum
584 4271 709 4348 Lichas
725 4273 837 4348 multa
854 4271 975 4372 praeda
992 4269 1187 4376 multisque
1204 4266 1320 4370 capti-
