2990 4804
681 323 729 350 ··'··
755 293 803 368 68
829 335 878 380 ··.··
1067 335 1081 376 t
1143 259 1171 302 y

238 431 462 524 testimonia,
478 459 501 508 a
524 428 704 532 Sophocle
721 430 1021 530 nepotedemum
1039 435 1076 508 in
1094 458 1238 530 soonam
1253 459 1327 512 esse

237 545 423 644 inductam
437 542 620 637 obtinent,
641 541 852 644 Olympiade
865 568 962 641 xotr,
984 547 1007 618 3
1022 545 1126 646 (tot)
1135 601 1146 637 ,
1164 572 1242 624 eam
1257 573 1330 625 ma·

237 658 411 760 gnamin
438 672 580 758 partem
603 680 679 732 non
707 671 783 732 tam
801 657 1034 758 senili-‚quam
1057 673 1196 754 matura
1213 676 1328 760 poetae

233 771 342 868 aetate
379 770 644 870 compositam,
667 796 708 846 ac
737 769 822 844 rivo
860 767 976 844 adhuc
1007 768 1186 867 Sophocie
1213 788 1330 850 aetam

108 893 113 904 ”
238 909 311 958 esse
329 884 426 960 inter
445 884 542 958 uiros
566 881 694 985 doctos
721 882 905 959 conuenit.
931 882 1160 958 Hermannus
1179 899 1330 982 propter

199 979 203 994 ’
236 993 902 1095 numerorumintegritatemsahulam
915 994 1331 1096 posttxxxerIympie-

166 1117 170 1125 ’
237 1105 624 1209 demseribipotuime
647 1123 768 1206 negat.
794 1106 893 1182 ldem
914 1108 1007 1182 mira
1026 1106 1160 1210 ubique
1182 1123 1331 1186 senten-

239 1223 373 1298 tiarum
391 1193 622 1298 et³dietionis
643 1219 679 1296 ui
706 1235 742 1295 et
765 1219 941 1318 gravitate
967 1243 1036 1316 pro
1066 1219 1136 1296 loci
1159 1221 1331 1322 cujusque

234 1331 368 1409 ‘natura
386 1327 696 1433 personarumque
710 1329 872 1409 moribus
887 1357 987 1422 nune
1002 1330 1047 1404 ad
1063 1358 1241 1408 summam
1253 1335 1332 1410 ala·

239 1448 405 1526 critatem
419 1447 618 1538 concitata,
639 1472 737 1520 nunc
753 1460 950 1542 temperata
969 1443 1012 1536 ad
1029 1444 1197 1522 eximiam
1213 1447 1332 1524 molli·

141 1625 148 1638 ,
239 1559 328 1630 tiem
346 1575 461 1632 totam
477 1559 527 1628 ait
546 1557 723 1654 insignem
741 1580 814 1626 esse
827 1554 997 1631 fabulam.
1016 1556 1102 1630 Haee
1120 1571 1240 1634 tamen
1254 1559 1331 1638 laus

235 1671 310 1770 jam
327 1667 507 1746 Odoiredo
528 1667 816 1755 Mulleronimia
835 1667 942 1766 atque
959 1669 1163 1767 praesertim
1183 1667 1228 1744 ab
1243 1695 1332 1744 ora-

239 1781 357 1876 tione,
374 1807 443 1882 qua
461 1779 624 1880 OEdipus
639 1794 767 1858 contra
782 1780 884 1854 salsas
902 1779 1069 1856 Creontis
1087 1781 1330 1860 insimulatio-

239 1919 352 1970 nesse
370 1893 527 1974 defendit
543 1892 674 1992 (iudea
689 1918 725 1966 v.
740 1893 848 1991 950),
863 1916 974 1992 eaque
985 1891 1166 1970 simillima
1180 1894 1328 1986 sorensi,

222 2007 339 2108 .quod
356 2023 434 2078 tum
453 2006 627 2103 temporis
647 2003 797 2096 Athenis
810 2005 932 2103 vigere
949 2005 1083 2102 ooepit,
1102 2004 1244 2086 dicendi
1263 2033 1330 2106 ge·
1418 2077 1422 2084 .

125 2193 142 2229 ι,
240 2119 342 2208 neri,
363 2119 477 2189 aliena
499 2143 572 2189 esse
592 2114 797 2189 videbatur.
818 2115 871 2189 Ac
890 2132 987 2187 certe
1005 2114 1215 2218 Sophocles,
1232 2117 1331 2218 quod

197 2213 202 2222 ⁸
232 2233 311 2332 jam
338 2227 528 2329 tragoediae
555 2223 784 2326 longitudine
810 2226 1027 2316 declaratur,
1047 2226 1160 2327 multa
1186 2247 1329 2328 postea,

241 2370 322 2446 quae
342 2342 387 2415 ad
395 2341 596 2415 ‘domestica
612 2339 720 2438 ipsius
734 2339 853 2427 tnala,
871 2339 1227 2441 ingravescentesque
1246 2341 1329 2418 hetti

241 2480 340 2534 casus
355 2457 573 2554 afflictasque
591 2451 868 2530 Atheniensium
886 2476 942 2530 res
960 2450 1170 2550 spectabant
1181 2509 1192 2543 ,
1210 2454 1330 2534 admi-

239 2570 345 2646 scuit.
365 2568 471 2644 Unde
485 2568 619 2652 sactum
633 2581 706 2653 est,
726 2581 768 2639 ut
779 2563 1031 2644 Iacltmonnus
1049 2565 1198 2664 injuria,
1215 2566 1332 2648 nisal.

239 2683 312 2772 lor,
334 2678 520 2778 OEdipum
539 2676 739 2757 Coloneum
753 2701 822 2774 pro
837 2674 956 2756 sabula
974 2675 1140 2756 hahuerit
1153 2704 1253 2758 mere
1265 2706 1331 2778 po·

241 2793 352 2870 litica.
371 2793 450 2868 Hoo
467 2814 554 2868 vero
571 2803 730 2879 constat,
748 2789 1041 2886 pneumatum,
1059 2813 1103 2867 ex
1116 2815 1186 2894 qua
1199 2791 1331 2872 oriun-

241 2904 307 2982 dus
328 2920 423 2994 erat,
450 2914 731 2980 monumentum
756 2901 900 3000 exigere
922 2902 1095 2992 voluiss03
1122 2901 1166 2982 de
1190 2902 1330 2983 eaeteria

177 3061 180 3068 .
240 3035 382 3107 autem,
407 3037 488 3116 qnae
516 3014 561 3090 de
589 3013 676 3090 belli
699 3013 798 3094 exitu
825 3015 1039 3094 vaticinatus
1070 3040 1144 3094 esse
1167 3031 1328 3114 putatur,

241 3127 502 3240 minualiquet.
522 3125 615 3202 Nam
632 3124 746 3204 modo
759 3123 952 3208 Thebanos
964 3142 1005 3202 ut
1021 3127 1140 3206 hostes
1153 3129 1328 3227 exagitet,

240 3267 352 3342 quare
368 3240 562 3318 Buechhius
577 3238 734 3320 subulam
752 3253 834 3337 post
850 3239 963 3314 Nioiae
978 3237 1137 3316 induciat
1154 3243 1331 3338 composi.

241 3371 315 3452 tam
334 3379 407 3428 esse
425 3369 544 3444 oensat
563 3353 636 3452 (01.
662 3375 817 3438 txxxrx,
836 3352 860 3428 3
871 3403 883 3442 ,
902 3375 965 3440 xe,
994 3351 1031 3449 t)
1042 3380 1052 3442 ι
1075 3349 1205 3441 modo,
1226 3367 1267 3434 ut
1290 3353 1330 3436 in

240 3465 366 3539 Thesei
384 3468 549 3539 emtione
567 3466 582 3564 (
591 3492 626 3537 v.
647 3464 718 3548 919
736 3494 745 3536 ι
763 3473 871 3541 Καίτοι
887 3495 921 3538 σι
944 3469 1046 3544 Sitia(
1061 3471 1093 3565 γ’
1108 3472 1162 3544 oia
1181 3469 1327 3548 tanteca-

240 3611 298 3657 σαι
317 3587 424 3679 κακόν·
444 3585 478 3660 οὐ
499 3589 559 3679 γὰρ
578 3586 713 3678 φιλοῦσιν
730 3579 844 3684 ἄνδρας
861 3578 1144 3676 eternitatem)
1163 3575 1328 3653 leudibus

240 3690 363 3783 effert,
382 3688 480 3791 quod
506 3689 688 3788 permovit
708 3687 852 3768 criticos
876 3688 1114 3780 remotionen,
1141 3704 1183 3766 ut
1207 3690 1330 3768 locum

238 3804 346 3882 obelo
362 3817 549 3888 notarent,
565 3817 611 3876 ac·
619 3799 788 3901 Sophocli
797 3800 936 3898 juniori
951 3799 1188 3895 tribuereat¹·
1206 3799 1330 3880 Sedet

239 3917 360 4021 paullo
383 3932 465 4019 post
487 3913 671 4016 OEdipum
688 3914 824 4014 Regem
839 3913 1038 3988 Coloneum
1052 3911 1238 4014 OEdipum
1256 3911 1328 3987 do-

245 4310 251 4322 ,
281 4267 290 4292 ¹
306 4253 485 4335 Bernhardy,
500 4253 667 4344 Geschioltte
680 4251 733 4316 der
740 4250 848 4336 grieeh.
864 4249 970 4315 Petet
978 4296 988 4328 ,
1003 4275 1033 4344 p.
1048 4253 1122 4318 81¹.
